3050 4459
435 204 502 256 26
636 205 728 266 12,
768 207 843 257 42.
1332 206 1532 259 ΚΑΤΑ
1571 207 1996 261 ΜΑΘΘΑΙΟΝ

434 338 492 392 έν
541 348 605 407 τῇ
654 342 824 407 κρίσει
869 341 1001 409 μετὰ
1048 351 1141 412 τῆς
1186 351 1363 411 γενεᾶς
1411 344 1601 412 ταύτης
1642 344 1735 397 καὶ
1770 352 2184 412 κατακρινοῦσιν
2216 344 2412 413 αὐτήν,
2461 347 2540 397 ὅτι
2573 347 2916 414 μετενόησαν

146 449 157 477 1
185 448 265 486 mg.
288 448 337 482 ιο,
363 448 376 478 ι
435 425 509 483 εἷς
544 424 602 477 τὸ
637 425 889 494 κήρυγμα
918 426 1105 492 Ἰωνᾶ,
1140 427 1233 482 καὶ
1269 428 1386 482 ι’ὅοὺ
1420 429 1601 482 πλεῖον
1630 429 1788 483 Ἰωνᾶ
1816 429 1940 483 ὧδε.
1977 433 2043 482 42
2070 430 2346 497 βασίλισσα
2371 431 2527 483 νότου
2551 429 2912 499 ἐγερθήσεται

434 508 491 562 ἐν
542 517 606 578 τῇ
657 511 828 577 κρίσει
877 511 1010 579 μετὰ
1058 519 1150 581 τῆς
1193 520 1372 581 γενεᾶς
1419 514 1612 580 ταύτης
1657 513 1749 567 καὶ
1786 522 2100 582 κατακρινεῖ
2128 514 2322 582 αὐτήν,
2373 516 2451 567 ὅτι
2487 514 2652 582 ἦλθεν
2685 514 2750 568 έκ
2791 522 2914 568 τῶν

329 661 342 670 -
433 594 679 661 περάτων
725 604 816 663 τῆς
860 603 956 664 γῆς
1000 597 1229 651 ἀκοῦσαι
1278 597 1372 666 τὴν
1414 599 1611 666 σοφίαν
1657 599 2008 665 Σολομῶνος,
2060 599 2152 651 καὶ
2199 599 2316 652 ἰδοὺ
2356 600 2535 652 πλεῖον
2570 600 2914 666 Σολομῶνος

118 715 175 745 1¹0,
198 662 249 747 ¹⁴1⁵}
268 662 347 746 24⁴⁰
366 715 408 745 π
437 677 563 731 ὦδε.
599 682 666 732 43
688 680 851 734 ‘'Omv
886 681 945 733 δὲ
979 681 1037 733 τὸ
1071 681 1385 750 ἀκάθαρτον
1416 690 1625 749 πνεῦμα
1659 682 1852 750 ἐξέλθῃ
1888 682 1994 736 ἀπὸ
2029 690 2120 735 τοῦ
2156 682 2481 751 ἀνθρώπου,
2527 683 2791 751 διέρχεται
2831 684 2906 737 δι’

433 762 683 831 ἀνύδρων
717 766 892 818 τόπων
926 768 1120 834 ζητοῦν
1154 767 1475 830 ἀνάπαυσιν,
1510 768 1603 820 καὶ
1638 767 1738 835 οὐχ
1774 768 2026 835 εὑρίσκει.
2074 771 2141 821 44
2174 769 2288 821 τότε
2320 767 2471 836 λέγει·
2507 768 2582 826 εἷς
2618 767 2706 821 τὸν
2741 766 2911 821 οἶκόν

432 868 539 914 μου
593 848 898 918 ἐπιστρέψω
945 852 1074 903 ὅθεν
1116 851 1362 919 ἔξῆλθόν.
1415 852 1507 905 καὶ
1555 852 1715 905 ἐλθὸν
1760 853 1994 920 εὑρίσκει
2040 853 2361 920 σχολάζοντα
2396 853 2487 906 καὶ
2522 853 2909 920 σεσαρωμένον

434 933 526 986 καὶ
573 934 993 1002 κεκοσμημένον.
1048 940 1115 989 45
1157 938 1270 989 τότε
1314 937 1592 1004 πορεύεται
1634 936 1727 990 καὶ
1760 936 2158 1005 παραλαμβάνει
2192 938 2318 1004 μεθ’
2354 938 2544 991 ἑαυτοῦ
2578 937 2708 991 ἑπτὰ
2742 938 2907 1005 ἕτερα

432 1018 704 1086 πνεύματα
735 1021 1066 1088 πονηρότερα
1100 1020 1291 1074 ἑαυτοῦ
1307 1062 1322 1086 ,
1356 1020 1450 1074 καί
1485 1022 1790 1074 εἰσελθόντα
1826 1029 2075 1074 κατοικεῖ
2098 1021 2241 1085 ἐκεῖ,
2276 1022 2369 1075 καὶ
2397 1023 2587 1090 γίνεται
2612 1021 2674 1076 τὰ
2696 1022 2905 1090 ἔσχατα

434 1110 526 1156 τοῦ
579 1103 876 1171 ἀνθρώπου
925 1104 1134 1158 ἐκείνου
1185 1106 1399 1173 χείρονα
1453 1113 1559 1158 τῶν
1608 1106 1857 1173 πρώτων.
1909 1107 2083 1165 οὕτως
2128 1106 2268 1159 ἔσται
2317 1107 2410 1159 καὶ
2446 1114 2507 1175 τῇ
2542 1114 2693 1175 γενεᾷ
2729 1107 2903 1174 ταύτῃ

204 1236 343 1268 46-50
433 1195 496 1255 τῆ
529 1196 754 1256 πονηρᾷ·

117 1290 180 1320 Me.
206 1291 236 1326 ες,
265 1290 404 1321 ala-35
500 1276 567 1326 46
604 1274 720 1326 Ἔτι
771 1273 935 1326 αὐτοῦ
987 1274 1269 1332 λαλοῦντος
1322 1282 1429 1334 τοῖς
1480 1276 1686 1343 ὄχλοις,
1739 1273 1856 1328 ἰδοὺ
1910 1275 1944 1343 ἦ
1995 1274 2175 1343 μήτηρ
2226 1276 2319 1328 καὶ
2365 1277 2420 1328 οἱ
2460 1275 2682 1343 ἀὸελφοὶ
2726 1276 2902 1329 αὐτοῦ

117 1344 174 1374 ¹“''
199 1347 227 1376 ⁸*
270 1344 402 1375 ¹⁹—²¹
434 1357 762 1425 εἱστήκεισαν
811 1358 918 1419 ἔξω
969 1360 1247 1426 ζητοῦντες
1293 1358 1441 1426 αὐτῷ
1485 1360 1725 1428 λαλῆσαι.
1796 1364 1860 1413 47
1907 1358 2050 1412 εἶπεν
2085 1360 2145 1412 δέ
2181 1380 2256 1419 τις
2290 1359 2452 1426 αὐτῷ·
2490 1358 2607 1413 ἰδοὺ
2644 1359 2677 1428 ἦ
2712 1359 2902 1428 μήτηρ

434 1461 532 1495 σου
567 1441 660 1495 καὶ
695 1443 750 1495 οἵ
778 1443 1011 1510 ἀδελφοί
1037 1463 1135 1496 σου
1168 1443 1276 1505 ἔξω
1312 1443 1596 1512 ἑστήκασιν
1631 1444 1909 1511 ζητοῦντές
1944 1465 2026 1496 σοι
2061 1445 2300 1511 λαλῆσαι.
2336 1447 2401 1498 ⁴8
2430 1445 2463 1496 ὁ
2490 1445 2551 1497 δὲ
2575 1443 2903 1511 ἀποκριθεὶς

433 1525 577 1578 εἶπεν
622 1535 697 1594 τῷ
742 1527 939 1595 λέγοντι
987 1527 1152 1594 αὐτῷ·
1203 1529 1277 1587 τίς
1311 1528 1450 1580 ἐστιν
1486 1529 1518 1596 ἡ
1554 1529 1732 1596 μήτηρ
1764 1548 1901 1594 μου,
1954 1529 2046 1581 καὶ
2081 1530 2214 1588 τίνες
2248 1528 2377 1582 εἰσὶν
2411 1530 2467 1581 οἱ
2493 1529 2724 1597 άὸελφοί
2750 1549 2899 1596 μους

434 1613 501 1664 49
546 1611 637 1665 καὶ
686 1611 920 1670 ἐκτείνας
954 1611 1049 1680 τὴν
1082 1621 1234 1680 χεῖρα
1268 1612 1353 1665 ἐπὶ
1391 1611 1512 1671 τοὺς
1545 1612 1792 1681 μαθητὰς
1828 1613 1992 1666 αὐτοῦ
2028 1611 2187 1665 εἶπεν·
2224 1613 2342 1667 too&
2378 1614 2411 1681 ἥ
2445 1614 2622 1682 μήτηρ
2655 1633 2764 1680 μου
2800 1613 2899 1668 καὶ

434 1697 491 1748 οἱ
534 1695 763 1763 ἀδελφοί
806 1712 930 1762 μου·
1000 1700 1066 1749 50
1115 1698 1255 1755 ὅστις
1306 1697 1405 1765 γὰρ
1458 1698 1522 1750 ἂν
1572 1696 1769 1765 ποιήσῃ
1822 1698 1880 1749 τὸ
1927 1697 2138 1765 θέλημα
2185 1705 2278 1750 τοῦ
2323 1700 2522 1764 πατρός
2566 1718 2673 1765 μου
2709 1705 2803 1752 τοῦ
2840 1698 2898 1751 έν

434 1780 709 1848 οὐρανοῖς,
742 1781 901 1840 αὐτός
934 1801 1041 1848 μου
1075 1781 1308 1850 ἀδελφὸς
1342 1781 1434 1834 καὶ
1468 1781 1676 1850 ἀδελφὴ
1714 1782 1806 1835 καὶ
1838 1782 2016 1850 μήτηρ
2051 1781 2207 1834 ἐστίν.

1597 1987 1734 2036 xm.

141 2170 173 2254 rx<

171 2181 205 2254 θε-

225 2118 257 2258 νε·-

282 2170 301 2254 *a

355 2171 376 2201 9
501 2157 528 2207 1
580 2153 670 2207 Ἐν
720 2162 782 2222 τῇ
835 2154 1005 2223 ἡμέρᾳ
1058 2154 1234 2223 ἐκείνῃ
1287 2154 1525 2217 ἐξελθὼν
1570 2155 1602 2206 ὁ
1640 2154 1848 2223 Ἰησοῦς
1894 2154 1957 2207 ἐκ
2008 2161 2098 2222 τῆς
2133 2154 2306 2213 οἰκίας
2340 2153 2578 2222 ἐκάθητο
2612 2153 2758 2221 παρὰ
2796 2156 2893 2223 τὴν

359 2227 379 2252 '⁴
432 2238 721 2291 θάλασσαν.
774 2242 806 2292 2
858 2239 950 2293 καὶ
998 2239 1345 2308 συνήχθησαν
1390 2240 1524 2307 πρὸς
1571 2239 1732 2293 αὐτὸν
1778 2240 1926 2308 ὄχλοι
1971 2240 2185 2302 πολλοί,
2236 2239 2372 2292 ὥστε
2405 2238 2566 2291 αὐτὸν
2598 2239 2673 2298 εἰς
2705 2239 2892 2293 πλοῖον

433 2322 665 2390 ἐμβάντα
713 2323 1022 2391 καθῆσθαι,
1068 2325 1160 2377 καὶ
1206 2331 1310 2382 πᾶς
1356 2324 1388 2374 ὁ
1431 2324 1588 2392 ὄχλος
1621 2323 1706 2376 έπὶ
1743 2323 1830 2376 τὸν
1863 2324 2099 2391 αἰγιαλὸν
2132 2323 2377 2390 εἱστήκει.
2446 2325 2480 2374 3
2512 2322 2605 2375 καὶ
2639 2322 2889 2391 ἐλάλησεν

434 2407 612 2466 αὐτοῖς
645 2407 812 2461 πολλὰ
846 2408 902 2460 έν
935 2409 1291 2476 παραβολαῖς,
1336 2409 1521 2477 λέγων·
1560 2408 1677 2461 moi,
1713 2408 1939 2476 ἐξῆλθεν
1974 2409 2007 2460 ό
2038 2410 2273 2476 σπείρων
2305 2416 2398 2460 τοῦ
2434 2409 2679 2475 σπείρειν.
2728 2411 2761 2460 4
2794 2408 2887 2461 καὶ

433 2490 490 2544 ἐν
541 2500 616 2559 τῷ
668 2493 897 2558 σπείρειν
946 2491 1108 2545 αὐτὸν
1153 2493 1185 2545 ἃ
1231 2492 1330 2559 μὲν
1375 2494 1559 2546 ἔπεσεν
1601 2493 1744 2560 παρὰ
1793 2492 1888 2561 τὴν
1933 2494 2085 2557 ὁδόν,
2136 2493 2228 2546 καὶ
2263 2492 2429 2561 ἦλθεν
2462 2493 2523 2544 τὰ
2555 2492 2761 2545 πετεινὰ
2796 2494 2887 2546 καὶ

432 2576 731 2644 κατέφαγεν
777 2576 928 2630 αὐτά.
983 2581 1014 2628 5
1060 2578 1190 2630 ἄλλα
1238 2577 1297 2630 δὲ
1331 2578 1513 2630 ἔπεσεν
1547 2577 1631 2630 ἐπὶ
1667 2576 1728 2630 τὰ
1761 2577 2010 2645 πετρώδη
2048 2579 2184 2630 ὅπου
2221 2577 2324 2630 οὐκ
2358 2575 2499 2644 εἶχεν
2531 2583 2630 2645 γῆν
2662 2576 2886 2645 πολλήν,

433 2661 526 2714 καὶ
575 2661 782 2720 εὐθέως
831 2661 1146 2724 ἐξανέτειλεν
1196 2661 1283 2715 διὰ
1335 2662 1392 2713 τὸ
1442 2663 1518 2730 μὴ
1567 2663 1705 2730 ἔχειν
1749 2662 1924 2729 βάθος
1969 2669 2082 2730 γῆς’
2153 2665 2186 2712 6
2231 2661 2383 2729 ήλίου
2431 2661 2490 2714 δὲ
2532 2661 2887 2721 ἀνατείλαντος

434 2874 515 2923 4⁶2.
568 2875 701 2924 Text
736 2891 836 2925 rec.
873 2891 995 2926 cum
1034 2873 1073 2924 Δ
1113 2871 1464 2937 σολομωντος.

435 2950 515 2998 44.
572 2948 1366 3015 (ΪΕΟΚΕΜΒΙῙΥΓΔΠεπιστρ.
1381 2968 1455 3006 εις
1468 2968 1510 3000 τ.
1526 2967 1572 2999 ο.
1587 2968 1642 3012 μ.
1658 2976 1723 2986 —-
1736 2946 1916 2999 ελθων
1933 2964 2055 2999 eum
2073 2950 2175 2999 DF
2174 2946 2329 2999 GXI'.
2377 2965 2469 2998 και
2484 2955 2609 2999 ante
2619 2964 2880 3012 σεσαρωμ.

568 3027 839 3076 omittitur
870 3025 1701 3088 BG2DEFGKLMSUVXPAII,
1737 3028 1785 3090 b,
1821 3027 1859 3088 f,
1893 3026 1966 3089 gl,
2003 3028 2054 3088 k,
2090 3032 2226 3090 copt.
2261 3040 2395 3075 arm.
2431 3026 2574 3075 aeth.

433 3099 515 3150 46.
567 3117 640 3150 ετι
676 3098 734 3150 δε
769 3117 933 3151 αυτου
966 3098 1078 3151 λαλ.
1116 3106 1306 3167 legunt
1342 3099 1998 3166 CEFGKMSUVXI'AH,
2033 3118 2083 3167 q,
2119 3109 2274 3167 sym),
2309 3101 2451 3151 aeth.
2505 3101 2642 3150 DLZ
2670 3096 2882 3150 λαλουν·

567 3173 657 3231 λος
690 3175 751 3226 δε
785 3194 964 3227 αυτου.

435 3250 515 3300 47.
571 3252 665 3303 Hic
698 3267 881 3302 versus
914 3254 1184 3304 omittitur
1218 3252 1442 3316 nfflLF,
1479 3254 1563 3316 ss'1‚
1602 3256 1651 3314 k,
1686 3262 1868 3316 synon.
1923 3255 2006 3303 Sic
2041 3260 2190 3303 etum
2229 3253 2310 3304 W.
2349 3253 2408 3302 H.

435 3327 516 3379 48.
569 3345 645 3378 τω
679 3345 875 3377 ειποντι
909 3345 1057 3379 αυτω
1092 3345 1216 3379 cum
1255 3326 1842 3379 CEFGKLMSUVI'A.
1881 3329 1928 3377 Χ
1952 3330 2168 3379 omittit.
2220 3329 2524 3380 Secundum
2557 3328 2874 3378 Holwerdam

570 3411 624 3454 et
659 3404 716 3453 V.
753 3405 802 3455 d.
839 3403 889 3453 S.
928 3405 1253 3469 Bakhuyzen
1300 3421 1375 3453 τω
1421 3421 1618 3453 ειποντι
1653 3411 1710 3454 et
1743 3420 1818 3453 τω
1853 3400 2051 3468 λεγοντι
2088 3406 2405 3468 glossemata
2438 3412 2580 3453 sunt.
2633 3403 2711 3452 (Ὺ.
2745 3402 2798 3453 Y.
2831 3405 2876 3453 d.

436 3553 516 3603 49.
572 3556 696 3605 Post
727 3571 879 3619 χειρα
917 3556 1103 3620 legunt
1139 3553 1378 3606 BCZFH
1404 3571 1587 3604 αυτου.

434 3629 517 3680 50.
572 3631 672 3680 Pro
704 3647 901 3694 ποιηση
939 3631 1070 3695 legit.
1100 3631 1150 3680 D
1181 3648 1337 3681 ποιει.

436 3704 555 3753 xln
596 3721 608 3754 ε
644 3705 691 3755 1.
747 3704 1480 3756 ΟΠΕΓΟΚΙ.Μ81ΤΧΓΔΠ
1522 3708 1708 3770 legunt
1745 3721 1802 3753 εν
1837 3701 1914 3753 ὅε.
1971 3704 2068 3755 Pro
2102 3720 2165 3752 εκ
2201 3720 2294 3767 της
2330 3705 2514 3769 legunt
2552 3705 2877 3755 CEFGKLM

570 3777 918 3830 SUVXFAH
943 3796 1049 3829 απο
1083 3796 1191 3844 της.
1248 3783 1296 3832 Β
1328 3783 1459 3844 legit
1492 3798 1584 3844 της
1620 3782 1733 3831 sine
1767 3796 1829 3829 εκ
1871 3782 1951 3830 vel
1986 3795 2107 3828 απο.
2158 3780 2205 3829 Ι)
2239 3781 2442 3830 omittit
2474 3797 2537 3829 εκ
2575 3796 2666 3844 της
2700 3796 2872 3835 οικιας.

412 3865 413 3868 ’
468 3856 517 3905 ⁴2.
570 3872 628 3904 το
662 3852 846 3904 πλοιον
881 3872 1003 3906 cum
1037 3853 1293 3906 DXFAH
1320 3862 1420 3906 etc.

468 3929 519 3981 3.
570 3931 807 3983 RDLMX
839 3935 1028 3996 legunt
1061 3947 1283 3995 σπειραι.

471 4005 517 4054 4.
574 4007 622 4054 B
655 4007 785 4069 legit
816 4023 908 4055 και
942 4002 1165 4056 ελθοντα
1202 4023 1262 4055 τα
1296 4023 1504 4056 πετεινα
1538 4024 1839 4072 κατεφαγεν
1872 4024 2020 4058 αυτα.

471 4079 518 4127 5.
574 4081 621 4128 Β
656 4081 783 4143 legit
817 4078 1140 4139 εξανετειλαν
1173 4091 1229 4132 et
1262 4099 1353 4147 της
1387 4099 1498 4147 γης.
