3050 4459
444 217 509 269 28
643 217 738 282 13,
773 218 854 268 «ιι.
1340 214 1440 267 KA
1455 214 1544 266 TA
1582 214 2005 270 ΜΑΘΘΑΙΟΝ

508 358 576 406 24
611 354 794 421 Ἄλλην
824 351 1137 421 παραβολὴν
1169 351 1482 420 παρέθηκεν
1515 351 1695 411 αὐτοῖς
1726 352 1911 420 λέγων·
1949 353 2216 421 ὡμοιώθη
2254 353 2286 421 ἡ
2321 355 2559 423 βασιλεία
2595 362 2702 408 τῶν
2735 356 2906 424 ούρα-

442 445 552 490 νῶν
583 437 863 505 ἀνθρώπῳ
896 437 1161 503 σπείραντι
1194 436 1360 488 καλὸν
1393 436 1605 504 σπέρμα
1636 436 1695 489 έν
1727 445 1802 504 τῷ
1836 437 1985 505 ἀγρῷ
2019 437 2201 492 αὐτοῦ.
2238 442 2304 492 25
2336 438 2393 491 ἐν
2426 438 2486 493 δὲ
2511 448 2585 507 τῷ
2613 441 2907 493 καθεύδειν

444 523 564 582 τοὺς
616 521 942 589 ἀνθρώπους
993 520 1158 590 ἦλθεν
1208 520 1372 574 αὐτοῦ
1423 522 1455 573 ὁ
1502 520 1703 588 ἐχθρὸς
1754 521 1847 574 καὶ
1892 522 2195 590 ἐπέσπειρεν
2240 523 2442 585 ζιζάνια
2478 523 2577 577 ἀνὰ
2609 524 2773 590 μέσον
2807 532 2904 578 τοῦ

442 609 588 660 σίτου
639 607 732 660 καὶ
783 606 1040 674 ἀπῆλθεν.
1093 609 1159 659 26
1204 606 1291 658 ὅτε
1337 604 1396 658 ὅὲ
1440 605 1761 674 ἐβλάστησεν
1806 606 1838 658 ὁ
1880 608 2071 674 χόρτος
2104 607 2199 660 καὶ
2232 607 2442 675 καρπὸν
2474 607 2717 675 ἐποίησεν
2726 650 2741 673 ,
2787 610 2906 662 τότε

443 692 614 760 ἐφάνη
649 691 742 744 καὶ
777 691 839 743 τὰ
872 689 1092 753 ζιζάνια.
1128 693 1193 743 27
1226 690 1612 757 προσελθόντες
1646 690 1707 743 δὲ
1742 692 1797 742 οἱ
1826 691 2008 744 δοῦλοι
2032 699 2124 744 τοῦ
2153 692 2535 746 οἰκοδεσπότου
2562 691 2711 746 εἶπον
2734 693 2904 760 αὐτῷ’

443 776 626 842 κύριε,
677 774 799 843 οὐχὶ
848 774 1016 828 καλὸν
1065 773 1274 842 σπέρμα
1324 774 1569 841 ἔσπειρας
1615 773 1672 827 ἓν
1720 782 1795 840 τῷ
1842 783 1922 841 σῷ
1955 774 2105 843 ἀγρῷ
2119 796 2137 838 ,·
2188 777 2358 829 πόθεν
2389 776 2488 830 οὖν
2520 778 2627 844 ἔχει
2662 776 2902 840 ζιζάνια,-

443 865 510 915 28
559 861 590 912 ὁ
640 859 699 913 ὅὲ
749 860 854 927 ἔφη
907 858 1101 917 αὐτοῖς·
1155 858 1354 925 ἐχθρὸς
1406 860 1699 926 ἅνθρωπος
1749 866 1904 913 τοῦτο
1952 859 2212 927 ἐποίησεν.
2259 862 2315 913 οἵ
2357 860 2416 914 δὲ
2449 861 2631 915 δοῦλοι
2662 862 2908 930 λέγουσιν

444 945 607 1012 αὐτῷ·
643 944 814 1003 θέλεις
848 943 944 997 οὖν
977 942 1294 1002 ἀπελθόντες
1328 942 1665 1011 συλλέξωμεν
1699 943 1863 1007 αὐτά,·
1899 946 1966 997 29
2000 945 2032 996 ὁ
2059 943 2118 996 δὲ
2148 946 2327 1012 φησίν·
2358 946 2426 998 οὔ
2438 986 2453 1009 ,
2485 945 2692 1014 μήποτε
2718 946 2905 999 συλλέ-

445 1049 620 1097 γοντες
671 1030 732 1082 τὰ
781 1028 985 1091 ζιζάνια
1034 1026 1363 1095 ἐκριζώσητε
1411 1029 1522 1094 ἅμα
1573 1028 1751 1086 αὐτοῖς
1798 1028 1888 1080 τὸν
1932 1035 2091 1081 σῖτον.
2158 1032 2225 1083 30
2270 1030 2435 1097 ἄφετε
2480 1030 2905 1094 συναυξάνεσθαι

445 1114 722 1182 ἀμφότερα
771 1113 929 1181 μέχρι
977 1120 1067 1165 τοῦ
1113 1114 1405 1180 θερισμοῦ,
1456 1112 1550 1165 καὶ
1595 1113 1652 1165 ἐν
1696 1121 1873 1180 καιρῷ
1909 1120 1999 1165 τοῦ
2036 1113 2296 1180 θερισμοῦ
2330 1114 2440 1183 ἐρῶ
2477 1123 2584 1174 τοῖς
2616 1116 2905 1182 esenowa}-

246 1249 283 1279 :n
304 1257 331 1279 m
446 1198 723 1260 συλλέξατε
769 1205 985 1265 πρῶτον
1034 1197 1096 1250 τὰ
1147 1196 1351 1259 ζιζάνια
1397 1197 1491 1251 καὶ
1538 1196 1732 1264 δήσατε
1774 1195 1907 1251 αὐτὰ
1952 1197 2028 1255 εἰς
2075 1198 2273 1265 ὅεσμὰς
2306 1198 2440 1266 πρὸς
2475 1199 2532 1252 τὸ
2566 1207 2904 1253 κατακαῦσαι

183 1303 245 1334 2¹0.
267 1302 297 1338 ι,
323 1302 361 1332 ει
380 1311 407 1333 a.
445 1281 608 1346 αὐτά,
642 1282 733 1335 τὸν
765 1281 825 1336 δὲ
856 1290 1000 1335 σῖτον
1034 1281 1347 1349 συναγάγετε
1380 1281 1455 1339 εἰς
1492 1281 1587 1350 τὴν
1620 1280 1910 1350 ἀποθήκην
1934 1301 2060 1349 μου.
2094 1285 2155 1336 31
2186 1283 2371 1351 Ἄλλην
2398 1283 2711 1352 παραβολὴν
2737 1283 2905 1351 παρέ-

185 1356 240 1387 “”“”
267 1356 315 1388 ¹³·
343 1355 382 1386 ¹⁹
447 1368 621 1435 θηκεν
664 1366 843 1425 αὐτοῖς
887 1366 1071 1433 λέγων·
1119 1366 1277 1432 ὁμοία
1323 1365 1463 1418 ἐστὶν
1509 1365 1543 1432 ἦ
1582 1366 1819 1434 βασιλεία
1857 1373 1963 1419 τῶν
1995 1366 2243 1433 οὐρανῶν
2276 1369 2471 1434 κόκκῳ
2505 1369 2794 1432 σινάπεως,
2842 1369 2907 1420 ὃν

445 1451 630 1519 λαβὼν
665 1451 954 1518 ἅνθρωπος
987 1451 1224 1517 ἔσπειρεν
1257 1450 1314 1502 ἕν
1351 1458 1424 1517 τῷ
1458 1450 1609 1517 ἀγρῷ
1644 1449 1825 1502 αὐτοῦ·
1873 1453 1940 1504 32
1974 1452 2007 1502 ὃ
2036 1453 2357 1518 μικρότερον
2387 1452 2486 1519 μέν
2518 1452 2656 1505 ἐστιν
2687 1452 2906 1505 πάντων

448 1544 556 1588 τῶν
588 1535 933 1602 σπερμάτων,
966 1536 1093 1588 ὅταν
1126 1533 1186 1587 δὲ
1220 1534 1468 1602 αὐξηθῇ,
1500 1535 1687 1601 μεῖζον
1722 1541 1828 1586 τῶν
1859 1535 2107 1602 λαχάνων
2139 1535 2278 1590 ἐστὶν
2310 1535 2403 1589 καὶ
2436 1538 2625 1603 γίνεται
2656 1535 2906 1603 δένδρον,

449 1621 586 1674 ὥστε
634 1619 810 1673 ἐλθεῖν
860 1618 921 1672 τὰ
969 1618 1177 1672 πετεινὰ
1229 1626 1320 1671 τοῦ
1371 1618 1605 1685 οὐρανοῦ
1656 1617 1747 1672 καὶ
1798 1627 2157 1687 κατασκηνοῖν
2206 1620 2263 1673 ἐν
2307 1629 2415 1680 τοῖς
2458 1620 2674 1680 κλάδοις
2718 1620 2905 1674 αὐτοῦ.

184 1729 241 1760 ιο,
264 1729 314 1766 1³,
337 1728 375 1759 ει
452 1709 520 1759 33
540 1705 728 1773 Ἄλλην
759 1703 1071 1772 παραβολὴν
1102 1703 1352 1772 ἐλάλησεν
1389 1703 1584 1761 αὐτοῖς·
1621 1703 1778 1769 ὁμοία
1810 1703 1948 1756 ἐστὶν
1982 1703 2015 1771 ἡ
2048 1705 2288 1772 βασιλεία
2323 1712 2429 1758 τῶν
2456 1705 2703 1772 οὐρανῶν
2731 1705 2908 1773 ζύμῃ,

450 1792 515 1859 ἣν
546 1790 784 1858 λαβοῦσα
819 1788 949 1856 γυνὴ
984 1788 1282 1857 ἐνέκρυψεν
1314 1787 1390 1846 εἰς
1424 1787 1653 1854 ἀλεύρου
1686 1787 1817 1840 σάτα
1852 1788 1997 1854 τρία,
2030 1788 2134 1847 ἕως
2169 1788 2236 1842 οὗ
2268 1788 2530 1858 ἐζυμώθη
2566 1791 2705 1842 ὅλον.

182 1863 406 1952 magnas.
516 1878 582 1928 34
642 1875 814 1927 Ταῦτα
863 1873 1032 1926 πάντα
1082 1872 1333 1941 ἐλάλησεν
1383 1872 1415 1924 ὁ
1458 1872 1665 1939 Ἰησοῦς
1714 1871 1773 1925 ἐν
1819 1871 2147 1940 παραβολαῖς
2199 1880 2306 1932 τοῖς
2353 1874 2557 1942 ὄχλοις,
2608 1875 2700 1928 καὶ
2733 1874 2906 1942 χωρὶς

184 1986 235 2016 ι»...
258 1985 309 2022 τῇ,
332 1985 352 2017 2
444 1960 754 2028 παραβολῆς
800 1957 958 2011 οὐδὲν
1001 1957 1169 2010 ἐλάλει
1215 1957 1422 2020 αὐτοῖς,
1473 1959 1541 2009 35
1586 1958 1734 2014 ὅπως
1773 1956 2042 2024 πληρωθῇ
2077 1956 2136 2009 τὸ
2170 1956 2339 2025 ῥηθὲν
2372 1957 2460 2011 διὰ
2493 1966 2583 2011 τοῦΙ
2617 1959 2904 2027 προφήτου

447 2044 700 2111 λέγοντος’
765 2042 965 2106 άνοίξω
1026 2041 1083 2094 ἐν
1143 2041 1472 2110 παραβολαῖς
1536 2040 1592 2092 τὸ
1648 2042 1814 2107 στόμα
1863 2060 2000 2107 μου,
2066 2041 2348 2110 ἐρεύξομαι
2399 2043 2746 2110 κεκρυμμένα
2797 2042 2905 2095 ἀπὸ

448 2128 765 2196 καταβολῆς.

514 2215 582 2266 36
639 2213 763 2265 Τότε
814 2211 970 2279 ἀφεὶς
1022 2210 1144 2269 τούς
1194 2210 1386 2278 ὄχλους
1436 2208 1602 2277 ἦλθεν
1652 2208 1727 2267 εἷς
1778 2209 1873 2278 τὴν
1924 2209 2116 2263 οἰκίαν.
2168 2210 2260 2264 καὶ
2300 2211 2614 2279 προσῆλθαν
2658 2211 2804 2276 αὐτῷ
2850 2213 2908 2264 οἷ

447 2295 684 2364 μαθηταὶ
718 2295 882 2350 αὐτοῦ
915 2294 1162 2362 λέγοντες·
1200 2294 1534 2362 ὄιασάφησον
1569 2292 1698 2361 ἡμῖν
1731 2292 1825 2361 τὴν
1850 2293 2162 2362 παραβολὴν
2188 2301 2294 2347 τῶν
2322 2295 2570 2357 ζιζανίων
2596 2302 2686 2347 τοῦ
2717 2294 2904 2362 ἀγροῦ.

448 2385 513 2434 37
549 2382 581 2432 ὁ
613 2381 672 2433 δὲ
704 2380 1021 2447 ἀποκριθεὶς
1055 2378 1213 2431 εἶπεν·
1252 2379 1283 2429 ό
1315 2380 1551 2445 σπείρων
1586 2377 1643 2430 τὸ
1677 2376 1844 2431 καλὸν
1873 2378 2081 2446 σπέρμα
2109 2378 2248 2431 ἐστὶν
2276 2379 2308 2431 ὁ
2329 2379 2443 2438 υἱός
2467 2387 2559 2432 τοῦ
2577 2378 2904 2446 ἀνθρώπου,

448 2578 530 2628 24.
581 2593 840 2640 σπειροντι
875 2592 995 2626 cum
1036 2573 1525 2626 CDEFGKLL'VI'.
1580 2575 1612 2624 d
1650 2575 1685 2624 h
1721 2575 1754 2624 k
1789 2571 1822 2623 ὃ
1856 2576 2161 2625 seminanti.

448 2653 529 2703 25.
580 2668 787 2716 εσπειρε
821 2668 945 2702 cum
983 2647 1793 2714 GDssrEFGKIMSUVxPAH,
1828 2666 1886 2714 e,
1921 2669 1970 2714 q.

448 2729 530 2779 27.
580 2745 815 2792 εσπειρες
850 2744 974 2778 cum
1012 2726 1242 2777 CDEFG
1260 2727 1363 2777 VX.
1414 2742 1476 2776 τα
1512 2724 1612 2784 ζιζ.
1647 2741 1770 2776 cum
1806 2726 1974 2778 8*LX
2006 2734 2140 2790 copt.
2175 2735 2314 2792 ser’
2353 2742 2486 2777 amn.

447 2807 530 2855 28.
583 2806 632 2854 D
676 2803 865 2869 syn-‘³0¹1
910 2803 1151 2854 scribunt
1196 2819 1245 2851 οι
1292 2798 1436 2852 δουλ.
1486 2810 1606 2866 post
1648 2798 1751 2866 λεγ.
1788 2818 1902 2852 αυτ.
1966 2803 2031 2863 Β,
2067 2802 2182 2866 157,
2216 2801 2290 2867 32,
2327 2803 2360 2851 h
2405 2803 2666 2852 omittunt
2706 2799 2903 2852 ὀουλοι.

584 2881 684 2930 Pro
715 2877 955 2944 λεγουσιν
977 2895 1124 2929 αυτω
1152 2881 1338 2943 legunt
1363 2875 2021 2942 EFGKLMSUVXI'AR
2059 2879 2092 2943 f,
2131 2877 2215 2940 ss'¹‚
2250 2895 2302 2943 q,
2331 2893 2412 2942 vg.
2442 2885 2576 2941 cept.
2607 2886 2744 2942 sym)
2771 2894 2903 2929 arm.

584 2958 725 3006 aeth.
758 2971 908 3004 ειπον
941 2970 1105 3003 αυτω.
1158 2954 1206 3003 F
1206 2950 1421 3003 KLMII
1451 2955 1637 3017 legunt
1671 2950 2004 3016 συλλεξομεν.

449 3029 531 3080 29.
584 3031 714 3083 &BC
744 3047 775 3095 q
814 3031 895 3090 (at
928 3031 1015 3080 ille
1051 3028 1148 3090 ait)
1184 3032 1371 3094 legunt
1405 3045 1434 3077 ο
1470 3026 1530 3077 δε
1566 3046 1745 3093 φησιν.
1792 3030 1851 3080 it.
1880 3046 1959 3094 vg.
1981 3037 2034 3080 et
2052 3032 2148 3080 αιί.
2194 3031 2258 3094 D,
2285 3031 2335 3094 b,
2359 3032 2384 3080 f
2415 3047 2444 3079 ο
2467 3027 2526 3078 δε
2550 3024 2683 3092 λεγει
2709 3044 2902 3083 αυτοις.

584 3102 1231 3157 EFGKJMSUVXFAII
1259 3121 1289 3153 ο
1323 3101 1384 3153 δε
1417 3121 1544 3169 εφη.

449 3181 531 3232 30.
580 3182 680 3231 BD
726 3184 915 3246 legunt
958 3197 1061 3236 εως
1110 3196 1199 3245 pro
1244 3197 1420 3245 μεχρι.
1485 3179 1782 3232 κ*ΘὶοοΕΙ,
1828 3191 1994 3245 synon
2042 3187 2175 3244 copt.
2223 3183 2410 3245 legunt
2455 3196 2514 3228 εν
2547 3195 2622 3227 τω
2658 3194 2801 3241 καιρ.
2838 3204 2904 3213 -

583 3273 715 3306 αυτα
762 3253 962 3319 ὅεσμας
1010 3271 1100 3320 pro
1145 3272 1279 3305 αυτα
1325 3272 1401 3311 εις
1435 3254 1633 3321 δεσμας
1668 3272 1790 3306 cum
1831 3255 1982 3307 LXA.
2034 3258 2266 3320 adligate
2300 3271 2364 3306 ea
2397 3256 2675 3306 fasciculos
2709 3256 2764 3304 it.
2801 3269 2905 3305 am.

584 3335 679 3384 sor.
715 3342 881 3457 syancu
917 3340 973 3383 et
1006 3331 1103 3373 Βώ-
1150 3329 1348 3395 ὃεσμας
1382 3333 1496 3382 siue
1530 3349 1664 3381 αυτα
1699 3333 1762 3396 D,
1798 3347 1843 3395 e,
1880 3333 1918 3396 f,
1954 3334 2006 3395 h,
2043 3334 2076 3381 k
2127 3358 2193 3366 —
2227 3329 2331 3381 ΒΓ
2355 3331 2383 3380 1
2421 3333 2612 3396 legunt.
2643 3346 2904 3393 συνάγετε.

588 3411 636 3459 Ι)
668 3425 766 3459 συν
796 3426 979 3473 εγεται.

453 3486 534 3535 32.
585 3501 958 3550 κατασκηνουν
991 3480 1803 3537 nB**CEfGK1,MSUVFAII.

452 3565 534 3613 33.
588 3565 679 3613 GL
712 3579 970 3627 εκρυψεν.

452 3641 534 3690 34.
585 3656 687 3689 ουκ
724 3655 847 3689 cum
882 3634 1477 3691 xeDEJ-‘GKLSUVXF
1468 3633 1542 3700 Π,
1577 3652 1659 3699 vg.
1697 3643 1864 3699 εἵκω
1899 3642 1955 3684 et
1987 3632 2083 3674 ‘'Ch-

452 3717 536 3768 35.
589 3717 713 3766 Post
742 3732 1026 3780 προφητου
1064 3717 1253 3779 legunt
1285 3712 1354 3765 κ*
1391 3712 1438 3776 1,
1474 3712 1558 3776 13,
1591 3710 1674 3773 33,
1707 3710 1821 3772 124,
1856 3709 1957 3759 253
1991 3726 2197 3773 ησαιου.
2237 3710 2359 3760 Post
2384 3704 2685 3772 καταβολης
2720 3709 2908 3772 legunt

588 3792 657 3845 κ*
673 3795 722 3832 Θῐ
741 3792 908 3841 cCDE
912 3789 1348 3840 FGKLMSUVX
1351 3786 1403 3838 Γ
1394 3785 1505 3838 ΔΠ
1532 3803 1758 3849 κοσμου.

454 3868 534 3919 36.
585 3870 709 3918 Post
741 3884 916 3916 οικιαν
948 3870 1132 3932 legunt
1158 3859 1799 3916 GEFGKLMSUVXAII
1825 3879 1856 3911 ο
1890 3878 2088 3925 ιησους.
2109 3858 2500 3925 -προσηλθον
2522 3860 2712 3924 legunt
2734 3859 2910 3911 xCDE

590 3939 1194 3993 PGKJMSUVXI'AH.
1253 3942 1318 4004 Β,
1353 3939 1420 3990 33
1452 3936 1783 4004 προσηλθαν.
1842 3937 1978 4002 κ*Β,
2014 3936 2100 3987 Or.
2135 3938 2183 4000 4,
2217 3936 2317 3986 254
2351 3934 2702 4000 διασαφησον.
2755 3936 2909 3988 8001)

588 4036 813 4082 φρασον.

456 4094 536 4144 37.
594 4097 715 4145 Post
745 4112 888 4144 ειπεν
924 4099 1111 4161 legunt
1146 4090 1435 4143 GLXI'AII
1462 4098 1563 4143 etc.
1599 4100 1764 4156 Syracu
1801 4096 1852 4140 et
1891 4093 1978 4130 utr.
2012 4106 2144 4140 arun.
2179 4105 2374 4143 αυτοις.
