3050 4459
342 153 399 189 vl

344 314 394 363 E
424 314 490 363 ad
526 313 824 376 evangelia,
861 312 1019 361 codex
1057 311 1371 360 Basileensis
1406 310 1456 358 K
1490 310 1573 372 IV,
1608 309 1689 358 35.
1741 309 2025 372 Evangelia
2061 309 2222 358 habet
2249 309 2485 372 integra,
2521 308 2623 357 nisi
2653 310 2795 372 quod

410 399 648 463 quinque
699 396 870 446 Lucae
921 396 1048 445 folia
1100 395 1396 458 perierunt,
1448 408 1678 457 quorum
1725 393 1830 442 tria
1875 393 2096 443 minutis
2149 393 2342 442 litteris
2374 394 2619 456 suppleta
2652 401 2798 443 sunt.

411 483 650 546 Scriptus
684 481 894 530 videtur
928 495 1061 530 saec.
1100 479 1217 528 Vlll
1255 480 1443 528 medio.

345 568 395 617 Ε
427 568 490 617 ad
537 568 668 616 Acta
713 566 1098 629 apostolorum,
1147 563 1307 613 codex
1355 562 1662 612 Laudianus
1695 562 1892 611 dicitur
1924 563 1979 612 in
2014 561 2139 611 bibl.
2177 562 2463 625 Bodlejana
2496 560 2796 612 oxoniensi.

413 651 610 701 Graeco
644 651 817 699 textui
854 649 1105 712 adjuncta
1138 654 1220 697 est
1253 646 1443 696 Latina
1478 651 1632 695 vetus
1670 646 1852 695 versio.
1905 646 2030 696 Hiat
2062 645 2128 694 26
2153 662 2166 696 ε
2191 644 2391 694 29—28
2417 662 2429 696 ι
2456 646 2537 696 26.
2589 646 2798 697 Saeculi

411 737 545 786 sexti
578 735 837 784 exeuntiS.

346 821 396 870 E
427 821 491 870 ad
542 819 688 869 Pauli
731 818 1007 881 epistolas,
1056 816 1480 878 Petropolitanus
1513 829 1793 864 caesareus
1827 814 2043 865 Muralti
2079 815 2174 864 XX
2209 816 2335 865 olim
2373 816 2532 865 codex
2568 816 2800 880 Sanger-

414 904 707 959 manensis,
742 901 1214 962 Graeco-Latinus,
1251 901 1447 950 saeculi
1484 900 1625 949 noni.

347 988 397 1037 F
427 988 493 1036 ad
539 987 839 1050 evangelia,
889 985 1051 1035 codex
1106 985 1332 1049 Boreeli,
1385 1000 1527 1034 nunc
1581 985 2138 1048 Rheno-TrajectinuS.
2205 985 2454 1036 Continet
2498 988 2803 1050 evangelia,

414 1073 503 1122 sed
568 1072 693 1120 folia
744 1071 1012 1133 permulta
1060 1070 1286 1132 periere,
1353 1084 1586 1133 quorum
1638 1070 1880 1120 nonnihil
1937 1069 2219 1119 Wetstenii
2271 1077 2507 1133 tempore
2559 1071 2798 1120 nondum

414 1157 661 1207 avulsum
696 1161 824 1204 erat.
878 1154 1268 1204 Adscribendus
1302 1166 1385 1203 est
1417 1156 1628 1204 saeculo
1665 1170 1710 1216 p.
1748 1152 1871 1202 Chr.
1908 1168 2063 1203 nono.

350 1243 425 1292 Fa
451 1242 611 1292 codex
647 1239 999 1290 coislinianus
1034 1238 1356 1288 parisiensis,
1409 1237 1586 1287 Pauca
1619 1238 2043 1301 evangeliorum,
2080 1240 2330 1288 Actorum
2365 1245 2421 1288 et
2453 1239 2799 1302 epistolarum

415 1328 715 1390 fragmenta
766 1324 819 1372 in
871 1321 1184 1373 octateuchi
1232 1322 1472 1386 margine
1521 1323 1700 1371 citata.
1753 1320 1959 1385 Scripta
2004 1329 2133 1371 sunt
2178 1324 2390 1372 saeculo
2435 1324 2542 1372 fere
2577 1325 2803 1375 ineunte

415 1411 654 1475 septimo.

352 1497 401 1546 F
430 1495 495 1545 ad
546 1492 694 1543 Pauli
736 1492 1012 1555 epistolas,
1058 1506 1092 1541 a
1126 1492 1446 1541 monasterio
1481 1491 1684 1556 Augiae
1720 1491 1930 1555 Majoris
1963 1493 2017 1541 in
2056 1491 2297 1542 Helvetia
2328 1494 2486 1543 codex
2522 1494 2806 1558 Augiensis

415 1580 589 1629 dictus
635 1583 745 1638 est,
792 1582 973 1639 postea
1017 1590 1051 1625 a
1097 1575 1243 1624 Rich.
1292 1576 1531 1639 Bentlejo
1566 1582 1780 1639 emptus
1812 1581 1975 1639 atque
2010 1592 2040 1626 a
2077 1576 2184 1628 filio
2219 1578 2397 1627 stati-is
2431 1578 2548 1640 ejus
2580 1581 2805 1644 collegio

415 1660 832 1725 Cantabrigiensi
879 1659 930 1709 S.
975 1659 1253 1711 Trinitatis
1296 1661 1539 1711 donatus,
1593 1660 1842 1711 Continet
1885 1662 2010 1711 inde
2046 1676 2078 1711 a
2113 1662 2262 1713 Rom.
2296 1661 2330 1711 3
2366 1679 2379 1713 :
2412 1662 2479 1711 19
2514 1663 2712 1714 Graece
2746 1673 2803 1715 et

416 1749 603 1799 Latine
652 1746 900 1809 epistolas
934 1744 1085 1796 Pauli
1118 1744 1400 1809 tredecim,
1447 1746 1653 1796 lacunis
1687 1747 1893 1809 paueiS‚
1951 1747 2082 1795 item
2117 1747 2182 1795 ad
2219 1747 2484 1797 Hebraeos
2517 1750 2802 1812 epistulam

417 1835 618 1884 Latine.
671 1831 764 1880 Hic
797 1831 955 1880 codex
989 1836 1044 1878 et
1072 1829 1454 1880 Boernerianus
1484 1831 1793 1880 Dresdensis
1822 1831 1886 1880 ad
1919 1831 2057 1880 idem
2088 1833 2355 1894 exemplar
2384 1831 2646 1882 Graecum
2675 1849 2802 1883 con-

418 1917 632 1968 formati
666 1921 819 1978 sunt,
854 1915 953 1965 etsi
990 1916 1183 1978 passim
1209 1915 1476 1965 differunt.
1530 1915 1719 1965 Latina
1739 1915 1805 1965 ab
1830 1916 2262 1980 interpretatione
2293 1916 2600 1981 Hieronymi
2631 1922 2806 1969 multo

423 2003 590 2067 magis
624 2014 789 2064 quam
825 1999 890 2049 ab
926 1999 1059 2047 Italo
1094 2005 1242 2048 textu
1280 1999 1526 2061 pendent.
1579 1999 1728 2049 Circa
1765 1999 1924 2049 finem
1961 2001 2084 2049 noni
2109 2002 2302 2049 saeculi
2327 2002 2553 2064 scriptus
2577 2003 2805 2054 videtur.

354 2091 397 2139 G
433 2088 498 2138 ad
547 2085 850 2148 evangelia,
898 2084 1055 2133 codex
1104 2083 1315 2132 Andrae
1361 2082 1603 2145 Seidelii,
1651 2087 1746 2147 qui
1789 2100 1912 2134 cum
1960 2085 2134 2134 codice
2169 2084 2226 2133 H
2255 2099 2318 2134 ex
2354 2087 2555 2135 oriente
2588 2089 2804 2148 attulit,

418 2188 561 2223 nunc
607 2170 922 2232 Harlejanus
965 2166 1111 2218 5684.
1164 2168 1332 2217 Musei
1382 2168 1687 2218 Britannici.
1742 2169 2006 2228 Quattuor
2052 2170 2327 2234 evangelia
2359 2171 2623 2231 continet,
2673 2172 2806 2220 locis

420 2258 605 2307 multis
651 2256 902 2316 mutilus,
954 2253 1145 2317 passim
1196 2253 1417 2303 minutis
1462 2254 1658 2304 litteris
1703 2257 1991 2318 suppletus,
2057 2255 2330 2304 Decimum
2376 2256 2648 2305 saeculum
2692 2271 2800 2306 nen

419 2342 730 2392 antecedere
766 2340 988 2389 videtur.

355 2428 401 2478 G
435 2427 499 2476 ad
549 2426 680 2474 Acta
722 2426 1106 2487 apostolorum,
1154 2424 1518 2488 fragmentum
1571 2424 2022 2487 Petropolitanum
2069 2439 2133 2474 ex
2178 2424 2484 2474 collectione
2523 2424 2802 2474 Tischeud.

419 2509 661 2561 orientali
696 2509 821 2557 anni
856 2505 1009 2557 1859.
1055 2506 1304 2556 Continet
1336 2508 1449 2557 Act.
1485 2507 1517 2556 2
1554 2523 1565 2555 ε
1601 2507 1669 2556 45
1705 2523 1874 2570 usque
1909 2507 1942 2555 3
1977 2523 1989 2558 ε
2024 2507 2072 2557 8.
2123 2507 2329 2557 Saeculi
2371 2508 2478 2557 Vll.

356 2598 401 2646 G
436 2596 499 2644 ad
535 2593 785 2655 epistolas
821 2592 996 2654 Pauli,
1031 2592 1190 2640 codex
1230 2591 1617 2641 Boernerianus
1652 2591 1776 2641 bibl.
1815 2591 1937 2655 Reg.
1975 2591 2297 2641 DresdensiS.
2333 2591 2568 2642 Graecus
2599 2595 2800 2657 epistu-

420 2682 594 2730 larum
629 2675 1122 2738 t1·edecim'textu8‚
1158 2691 1319 2739 quem
1355 2677 1537 2739 paucis
1571 2675 1859 2739 deperditis
1893 2677 2156 2738 continet,
2191 2691 2253 2725 ex
2283 2677 2470 2726 eodem
2502 2678 2649 2728 fonte
2677 2694 2801 2729 cum

418 2763 595 2814 codice
642 2760 895 2825 Augiensi
940 2759 1037 2821 (F)
1084 2761 1309 2810 haustus
1355 2769 1450 2810 est.
1510 2761 1699 2810 Latina
1733 2776 1854 2810 vero
1891 2761 2055 2810 versio
2088 2761 2448 2811 interlinearis
2479 2777 2585 2814 non
2620 2763 2804 2813 Hiero-

420 2847 569 2913 nymi
605 2846 697 2894 sed
733 2844 869 2894 Itala
902 2849 998 2893 est.
1049 2843 1270 2893 Saeculo
1307 2859 1444 2894 nouo
1479 2851 1710 2894 exeunte
1744 2846 1974 2908 scriptus
2009 2845 2233 2895 videtur.

356 2934 409 2982 H
441 2932 507 2982 ad
543 2931 845 2993 evangelia,
879 2927 1038 2977 codex
1074 2929 1234 2978 Andr.
1271 2927 1512 2990 Seidelii,
1549 2944 1694 2978 nunc
1732 2928 2145 2993 Hamburgensis
2172 2929 2520 2981 bibliothecae
2548 2932 2806 2993 publicae.

419 3018 644 3067 Textum
696 3014 761 3064 IV
807 3007 1200 3076 evangeliorum
1248 3014 1512 3074 continet,
1559 3014 1651 3062 sed
1693 3015 1879 3063 multis
1913 3015 2038 3064 locis
2073 3016 2343 3065 mutilum.
2395 3015 2646 3077 Ejusdem
2678 3031 2802 3066 cum

422 3101 467 3151 G
501 3099 708 3150 aetatis

354 3185 411 3235 H
445 3185 509 3234 ad
562 3184 693 3233 Acta
744 3180 1130 3244 apostolorum,
1181 3180 1338 3229 codex
1394 3187 1477 3230 est
1530 3181 1851 3232 Mutinensis
1901 3198 1980 3232 nr.
2027 3182 2140 3234 196.
2199 3185 2357 3234 Plura
2409 3186 2808 3248 desiderantur,

421 3283 651 3334 quorum
694 3271 899 3330 partem
934 3266 1198 3327 supplevit
1230 3265 1485 3328 antiquus
1519 3272 1808 3326 corrector,
1857 3275 2062 3329 partem
2096 3270 2234 3318 alius
2267 3270 2397 3319 satis
2430 3285 2625 3319 receuS.
2676 3269 2809 3320 Sae-

420 3356 526 3406 culi
564 3355 671 3403 fere
708 3351 833 3399 noni
867 3355 963 3398 est.

356 3441 411 3488 II
460 3439 522 3488 ad
579 3436 826 3500 epistolas
878 3434 1057 3496 Pauli,
1119 3433 1230 3482 cod.
1283 3431 1665 3496 Coislinianus,
1717 3451 1801 3485 no„
1848 3435 1947 3485 20⁶2
1992 3438 2052 3486 ia
2095 3436 2218 3487 bibl.
2265 3438 2396 3501 Imp.
2439 3438 2596 3487 Paris».
2665 3438 2808 3488 Sunt

422 3525 549 3574 folia
583 3521 675 3584 14,
711 3534 938 3585 quorum
976 3518 1081 3567 duo
1114 3533 1177 3567 ex
1214 3518 1492 3581 sexaginta
1524 3519 1680 3568 annis
1715 3519 1978 3584 Petropoli
2013 3521 2305 3584 habentur,
2340 3522 2466 3570 olim
2494 3529 2808 3585 tegumento

423 3609 559 3658 alius
593 3607 786 3656 codicis
820 3604 1156 3667 agglutinata
1191 3611 1246 3652 et
1280 3617 1342 3651 ex
1379 3603 1518 3652 Atho
1555 3609 1736 3653 monte
1771 3605 1995 3655 Parisios
2023 3607 2298 3655 translata.
2345 3604 2633 3655 Continent
2659 3607 2804 3670 frag-

424 3699 605 3741 menta
650 3691 995 3754 epistolarum
1031 3688 1097 3736 ad
1134 3686 1435 3737 Corinthios
1470 3688 1683 3750 prioriS‚
1729 3689 1794 3738 ad
1832 3688 2074 3752 Galatas,
2115 3690 2304 3753 prioris
2337 3689 2402 3738 ad
2436 3689 2806 3753 Timotheum,

422 3777 487 3825 ad
535 3775 746 3837 Titum,
793 3773 857 3822 ad
893 3771 1171 3821 Hebraeos,
1226 3770 1483 3820 Videntur
1516 3773 1652 3820 sexti
1687 3774 1885 3822 saeculi
1919 3789 2046 3823 esse.
2098 3773 2190 3823 His
2224 3774 2482 3824 accedunt
2515 3789 2576 3823 ex
2613 3775 2802 3824 collec-

426 3861 658 3910 tionibus
692 3859 915 3921 Porsyrii
951 3856 1175 3919 episcopi
1211 3863 1267 3904 et
1295 3855 1510 3904 Antonii
1537 3856 1980 3906 archimandritae
2003 3858 2128 3906 folia
2155 3863 2438 3920 quattuor,
2473 3871 2612 3921 quae
2630 3857 2807 3908 Tisch.

425 3945 592 3993 edidit
630 3945 684 3992 in
721 3942 1080 3992 Monumentis
1114 3941 1274 3990 sacris
1309 3940 1522 3990 ineditis
1557 3942 1681 3991 suis.
1734 3941 1812 3990 Ad
1848 3942 2078 3992 eundem
2114 3957 2233 3992 vero
2268 3943 2500 3992 codicem
2538 3942 2814 4006 pertinent

427 4029 587 4075 etiam
626 4028 928 4090 fragmenta
962 4027 1212 4089 epistolae
1247 4025 1312 4074 ad
1350 4024 1612 4075 Hebraeos
1645 4024 1735 4084 <10
1769 4040 1781 4075 :
1817 4025 1973 4087 1-7,
2008 4025 2229 4088 32—38)
2264 4027 2617 4091 Mosquensia.
