3050 4459
197 1581 339 1613 §iffi-⁴⁶

109 1634 175 1666 Mc.
199 1635 249 1672 12,
274 1636 289 1666 l
350 1636 389 1666 122

109 1687 167 1720 Le.
190 1688 242 1724 20.
263 1689 321 1719 9.-
343 1689 382 1720 19

178 1740 251 1773 δεε-
273 1741 304 1779 ⁵.
328 1742 343 1773 1

435 248 500 298 48
635 247 695 298 21
715 288 727 311 ,
763 247 843 298 24.
1336 248 1435 300 ΚΑ
1450 248 1538 301 ΤΑ
1576 247 1688 301 MA
1700 249 1849 302 ΘΘΑ
1858 250 1893 300 Ι
1892 249 2000 302 ΟΝ

433 385 641 437 ἔδωκεν
685 383 780 451 τὴν
814 383 1057 446 ἐξουσίαν
1092 385 1284 452 ταύτην
1296 406 1315 448 ,·
1366 390 1434 439 24
1466 385 1785 452 ἀποκριθεὶς
1819 385 1879 440 δὲ
1912 388 1944 438 ό
1971 386 2187 454 Ἰησοῦς
2219 385 2362 439 εἶπεν
2395 387 2590 445 αὐτοῖς·
2625 386 2887 456 ἐρωτήσω

432 468 572 534 ὑμᾶς
605 467 758 535 κάγὼ
793 468 948 535 λόγον
980 469 1099 532 ἕνα,
1145 470 1207 521 ὃν
1238 469 1330 523 ἐὰν
1362 469 1542 537 εἴπητέ
1572 490 1693 536 μοι,
1738 470 1892 539 κάγὼ
1927 472 2053 537 ὑμῖν
2085 471 2195 540 ἐρῶ
2229 471 2287 523 ἐν
2318 473 2442 539 ποίᾳ
2476 471 2689 539 ἐξουσίᾳ
2723 479 2888 525 ταῦτα

429 559 588 606 ποιῶ·
624 556 691 606 25
725 552 783 604 τὸ
815 552 1084 621 βάπτισμα
1120 552 1178 605 τὸ
1208 552 1470 606 Ἰωάννου
1502 554 1675 607 πόθεν
1706 553 1803 623 ἦν,·
1839 554 1900 616 ἐξ
1934 554 2166 622 ούρανοῦ
2202 556 2235 623 ἢ
2268 555 2329 618 ἐξ
2362 554 2704 621 ἀνθρώπων,·
2741 556 2798 607 οἱ
2827 555 2888 608 δὲ

432 638 779 705 διελογίζοντο
828 637 885 689 ἐν
933 638 1139 696 ἑαυτοῖς
1188 637 1435 706 λέγοντες·
1486 642 1554 692 26
1598 639 1692 691 ἐὰν
1735 641 1985 706 εἴπωμεν·
2033 640 2094 702 ἐξ
2126 640 2386 707 οὐρανοῦ,
2425 639 2540 707 ἐρεῖ
2568 639 2709 707 ἡμῖν·
2747 641 2893 693 διατί

431 722 529 776 οὖν
561 722 663 776 οὐκ
699 722 1031 775 ἐπιστεύσατε
1064 721 1243 789 αὐτῷ,·
1280 721 1371 775 ἐὰν
1403 722 1463 774 δὲ
1496 724 1746 790 εἴπωμεν·
1782 724 1842 785 ἐξ
1871 721 2208 791 ἀνθρώπων,
2242 724 2565 792 φοβούμεθα
2589 723 2678 776 τὸν
2701 725 2884 791 ὄχλον·

429 808 618 866 πάντες
662 806 761 875 γὰρ
809 806 886 866 ὡς
929 806 1216 874 προφήτην
1253 808 1466 875 ἔχουσιν
1499 807 1589 859 τὸν
1617 806 1898 875 Ἰωάννην.
1948 812 2013 862 27
2048 808 2141 862 καὶ
2174 808 2554 876 ἀποκριθέντες
2589 815 2665 875 τῷ
2694 808 2884 876 Ἰησοῦ

430 892 597 946 εἶπαν·
645 892 748 945 οὐκ
794 893 1028 958 οῖδαμεν.
1074 892 1180 958 ἔφη
1227 891 1405 950 αὐτοῖς
1444 892 1537 945 καὶ
1571 892 1747 950 αὐτός·
1794 891 1921 946 οὐδὲ
1953 893 2058 961 ἐγὼ
2094 893 2230 961 λέγω
2264 894 2390 960 ὑμῖν
2422 893 2479 946 ἕν
2510 894 2636 960 ποίᾳ
2669 892 2885 960 ἐξουσίᾳ

430 986 591 1032 ταῦτα
640 983 797 1029 ποιῶ.
850 979 916 1029 28
970 977 1036 1029 Τι’
1075 975 1134 1028 δὲ
1179 976 1305 1043 ὑμῖν
1348 976 1530 1040 δοκεῖ,·
1584 977 1875 1044 ἄνθρωπος
1921 977 2060 1046 εἶχεν
2101 978 2255 1031 τέκνα
2289 979 2404 1031 δύο·
2440 978 2533 1031 καὶ
2565 976 2887 1045 προσελθὼν

429 1071 506 1130 τῷ
555 1062 757 1129 πρώτῳ
806 1059 964 1113 εἶπεν
1017 1061 1229 1125 τέκνον,
1279 1061 1446 1128 ὕπαγε
1496 1061 1731 1129 σήμερον
1778 1061 2004 1129 ἐργάζου
2055 1062 2111 1114 ἐν
2163 1071 2238 1130 τῷ
2282 1063 2570 1130 ἀμπελῶνι.
2637 1065 2706 1115 29
2747 1062 2781 1113 ὅ
2825 1060 2887 1114 δὲ

428 1145 745 1213 ἀποκριθεὶς
778 1144 936 1197 εἶπεν·
972 1144 1037 1198 οὐ
1072 1144 1218 1197 θέλω
1234 1186 1247 1208 ,
1292 1145 1513 1212 ὕστερον
1546 1146 1928 1212 μεταμεληθεὶς
1962 1146 2217 1214 ἀπῆλθεν.
2263 1150 2331 1201 30
2362 1145 2680 1214 προσελθὼν
2713 1144 2774 1199 δὲ
2807 1153 2886 1212 τῷ

427 1232 592 1299 ἑτέρῳ
626 1230 769 1284 εἶπεν
803 1229 1076 1288 ὡσαύτως.
1113 1230 1144 1280 ὁ
1175 1229 1235 1282 δὲ
1269 1229 1585 1297 ἀποκριθεὶς
1618 1228 1777 1282 εἶπεν·
1813 1230 1918 1298 ἐγὼ
1955 1232 2137 1299 κύριε,
2172 1231 2263 1285 καὶ
2290 1232 2391 1285 οὐκ
2420 1231 2676 1299 ἀπῆλθεν.
2713 1233 2774 1284 31
2810 1232 2887 1289 τίς

428 1318 491 1370 ἐκ
539 1323 647 1369 τῶν
692 1315 791 1368 δύο
824 1313 1070 1382 ἐποίησεν
1104 1314 1162 1366 τὸ
1196 1313 1405 1382 θέλημα
1440 1322 1534 1366 τοῦ
1569 1315 1767 1382 πατρός
1778 1335 1796 1379 ,·
1845 1315 2098 1383 λέγουσιν·
2147 1317 2179 1368 ό
2208 1323 2436 1383 πρῶτος.
2471 1316 2605 1384 λέγει
2640 1315 2819 1373 αὐτοῖς
2855 1315 2887 1366 ό

424 1401 646 1469 Ἰησοῦς·
695 1399 839 1468 ἀμὴν
882 1399 1018 1466 λέγω
1065 1398 1190 1465 ὑμῖν
1234 1400 1312 1451 ὅτι
1358 1400 1415 1451 οἱ
1449 1398 1670 1451 τελῶναι
1708 1400 1801 1452 καὶ
1835 1401 1895 1453 αἶ
1923 1401 2115 1467 πόρναι
2149 1401 2473 1468 προάγουσιν
2505 1401 2643 1467 ὑμᾶς
2679 1400 2755 1458 εἷς
2789 1398 2887 1467 τὴν

427 1486 695 1556 βασιλείαν
741 1492 833 1537 τοῦ
880 1484 1030 1537 θεοῦ.
1077 1486 1145 1536 32
1184 1482 1349 1552 ἦλθεν
1381 1482 1481 1550 γὰρ
1511 1482 1775 1552 Ἰωάννης
1807 1484 1942 1551 πρὸς
1976 1485 2115 1552 ὑμᾶς
2148 1485 2205 1538 ἓν
2238 1486 2350 1552 ὁδῷ
2385 1485 2755 1551 δικαιοσύνης,
2790 1483 2884 1536 καὶ

428 1571 531 1624 οὒκ
581 1569 915 1623 ἐπιστεύσατε
963 1567 1126 1634 αὐτῷ’
1179 1569 1235 1620 οἱ
1275 1566 1335 1621 δὲ
1382 1567 1600 1620 τελῶναι
1647 1568 1740 1621 καὶ
1786 1569 1846 1621 αἶ
1873 1571 2064 1637 πόρναι
2098 1569 2407 1622 ἐπίστευσαν
2440 1569 2603 1636 αὐτῷ·
2638 1569 2787 1634 ὑμεῖς
2823 1566 2886 1620 δὲ

428 1657 625 1713 ἰδόντες
686 1654 751 1707 οὗ
812 1650 1205 1720 μετεμελήθητε
1261 1652 1480 1718 ὕστερον
1531 1659 1623 1705 τοῦ
1675 1660 1947 1706 πιστεῦσαι
1999 1653 2163 1722 αὐτῷ.
2231 1657 2298 1707 33
2338 1654 2523 1722 Ἄλλην
2571 1652 2885 1721 παραβολὴν

425 1741 705 1794 ἀκούσατε.
753 1738 1044 1804 ἅνθρωπος
1088 1736 1155 1804 ἦν
1196 1737 1604 1804 οἰκοδεσπότης,
1649 1738 1791 1796 ὅστις
1825 1737 2112 1806 ἐφύτευσεν
2144 1739 2460 1804 ἀμπελῶνα,
2506 1737 2599 1791 καὶ
2634 1736 2884 1805 φραγμὸν

426 1825 574 1892 αὐτῷ
606 1823 929 1891 περιέθηκεν
962 1821 1054 1874 καὶ
1090 1820 1298 1888 ὤρυξεν
1331 1820 1387 1872 ἓν
1420 1821 1568 1888 αὐτῷ
1602 1822 1763 1889 ληνὸν
1796 1822 1889 1875 καὶ
1919 1822 2270 1890 ᾠκοδόμησεν
2297 1823 2525 1891 πύργον,
2553 1822 2646 1875 καὶ
2674 1821 2883 1884 ἐξέδετο

425 1909 587 1963 αὐτὸν
635 1914 916 1977 γεωργοῖς,
966 1905 1059 1959 καὶ
1110 1905 1467 1972 ἀπεδήμησεν.
1537 1908 1604 1959 34
1653 1907 1739 1959 ὅτε
1790 1905 1850 1959 δὲ
1900 1908 2107 1975 ἤγγισεν
2158 1908 2189 1958 ό
2237 1907 2426 1974 καιρὸς
2475 1913 2581 1959 τῶν
2628 1912 2882 1973 καρπῶν,

425 1994 722 2048 ἀπέστειλεν
768 1991 889 2050 τοὺς
935 1990 1160 2049 δούλους
1205 1990 1370 2043 αὐτοῦ
1413 1990 1551 2057 πρὸς
1590 1990 1713 2049 τοὺς
1747 1991 2016 2060 γεωργοὺς
2049 1992 2230 2061 λαβεῖν
2263 1991 2385 2050 τοὺς
2419 1991 2662 2058 καρποὺς
2694 1990 2879 2043 αὐτοῦ.

425 2082 492 2134 35
526 2079 618 2132 καὶ
651 2078 899 2145 λαβόντες
933 2077 989 2128 οἷ
1016 2074 1240 2143 γεωργοὶ
1276 2073 1397 2133 τοὺς
1431 2074 1657 2133 δούλους
1690 2075 1855 2128 αὐτοῦ
1891 2077 1952 2128 δν
1977 2075 2077 2142 μὲν
2103 2077 2337 2144 ἔδειραν,
2367 2077 2428 2128 δν
2457 2075 2516 2128 δὲ
2541 2075 2879 2138 ἀπέκτειναν,

424 2165 488 2216 ὃν
533 2163 593 2217 δὲ
636 2162 1038 2231 ἐλιθοβόλησαν.
1089 2163 1155 2214 36
1196 2159 1353 2212 πάλιν
1392 2157 1689 2212 ἀπέστειλεν
1722 2160 1912 2219 ἄλλους
1945 2161 2170 2219 δούλους
2202 2161 2444 2218 πλείονας
2478 2167 2585 2212 τῶν
2616 2159 2879 2226 πρώτων,

424 2386 506 2435 21.
561 2385 646 2434 LZ
678 2385 735 2433 it.
772 2398 852 2446 vg.
887 2389 1022 2445 copt.
1058 2381 1318 2430 omittunt
1351 2376 1425 2428 δε.

421 2461 507 2511 25.
558 2459 864 2511 Secundum
900 2472 959 2506 το
994 2458 1254 2507 omittunt
1286 2456 1349 2505 D.
1384 2480 1451 2488 —
1483 2471 1541 2502 εν
1574 2470 1697 2504 cum
1732 2456 1940 2506 BLMZ.
1974 2473 2098 2519 παρ.
2136 2471 2258 2506 cum
2295 2453 2591 2509 aCDVAH.

422 2536 505 2586 26.
557 2532 719 2586 ΒΔΠ
746 2540 844 2583 etc.
881 2533 938 2582 it.
976 2548 1056 2597 vg.
1092 2539 1228 2595 synt)
1267 2546 1398 2580 arm.
1433 2530 1621 2593 legunt
1657 2547 1732 2584 ως
1764 2547 1933 2595 προφ.
1973 2537 2088 2596 post
2120 2548 2210 2580 τον
2247 2529 2499 2595 Ιωαννην.

424 2611 505 2662 27.
562 2611 695 2661 BCZ
726 2625 888 2657 ειπον.

420 2688 504 2738 28.
559 2688 683 2737 Post
726 2681 1017 2747 ανθρωπος
1062 2685 1252 2746 legunt
1299 2677 1538 2730 GEMUA
1590 2696 1671 2745 vg.
1718 2697 1822 2746 syr.
1871 2697 2002 2733 arm.
2049 2682 2135 2734 Or.
2171 2682 2219 2747 3,
2255 2682 2354 2734 786
2388 2700 2479 2738 τις.
2534 2683 2582 2732 Β
2615 2683 2748 2747 legit
2779 2678 2877 2731 dvo

557 2777 731 2811 τεκνα.
782 2786 849 2794 -
899 2775 990 2808 και
1043 2763 1169 2808 ante
1217 2752 1539 2819 προσελθων
1585 2771 1708 2806 cum
1744 2756 2068 2809 xeBGDXH.
2125 2755 2447 2821 προσελθων
2479 2760 2593 2809 sine
2627 2774 2720 2806 και
2754 2772 2877 2806 eum

557 2837 727 2902 nul,
761 2851 807 2899 e,
844 2835 926 2898 ffl,
962 2839 1097 2898 copt.
1131 2861 1198 2869 —
1233 2834 1357 2883 Post
1389 2828 1660 2893 αμπελωνι
1695 2834 1884 2896 legunt
1916 2832 2222 2884 BC²XZII²
2255 2833 2341 2884 it.4
2377 2850 2455 2899 vg.
2492 2839 2624 2898 oopt.
2659 2848 2783 2896 μου.

419 2915 503 2967 29.
558 2916 683 2965 Post
726 2927 946 2974 υστερον
986 2913 1176 2975 legunt
1208 2908 1501 2962 ⁸061)sz
1533 2906 1607 2958 δε.
1641 2934 1708 2942 -
1744 2909 1807 2968 Β,
1841 2915 1976 2973 copt.
2011 2908 2177 2974 syr-‚br
2209 2925 2340 2961 arm.
2376 2911 2519 2960 aeth.
2551 2911 2628 2959 ita
2662 2913 2877 2959 mutant

557 2991 796 3041 ordinem
832 3003 931 3037 vss„
966 2986 1049 3050 29,
1083 2985 1164 3049 30,
1201 2991 1264 3035 ut
1297 3001 1371 3034 VS.
1404 2982 1472 3034 29
1505 2986 1711 3048 legant:
1747 3001 1853 3048 εγω
1887 3001 2062 3048 κυριε,
2096 3003 2188 3035 και
2224 3003 2326 3035 ουκ
2362 2982 2617 3050 απηλθεν.

420 3066 503 3118 30.
560 3062 760 3117 ΕΧΔΠ
786 3065 974 3127 legunt
997 3078 1088 3110 και
1111 3056 1448 3124 προσελθων.
1474 3086 1542 3095 -
1566 3060 1665 3110 Pro
1688 3077 1854 3124 ετερω
1880 3063 2069 3126 legunt
2092 3059 2422 3114 chC²LMS
2433 3061 2514 3111 VZ
2534 3057 2784 3123 δευτερω.
2811 3084 2876 3093 —-

557 3144 606 3193 B
641 3142 770 3206 legit
804 3155 877 3189 νε.
911 3136 1010 3188 30b
1049 3137 1192 3199 (vide
1226 3152 1299 3185 vs,
1334 3135 1423 3194 29)
1457 3152 1522 3183 ου
1558 3131 1722 3196 θελω,
1757 3152 1978 3200 υστερον
2008 3134 2393 3202 μεταμεληθεις
2426 3133 2680 3200 απηλθεν.

421 3219 503 3270 31.
555 3220 679 3269 Post
710 3213 949 3279 λεγουσιν
983 3216 1173 3277 legunt
1208 3208 1410 3261 GXAII
1435 3227 1600 3260 αυτω.
1649 3212 1750 3261 Pro
1783 3229 1813 3261 ο
1848 3229 2062 3276 πρωτος
2096 3210 2412 3276 (uCLXAII,
2446 3229 2490 3277 c,
2529 3213 2564 3274 f,
2598 3209 2672 3275 3²,
2707 3226 2758 3274 q,
2793 3225 2873 3274 vg.

554 3301 742 3359 synon)
790 3292 919 3356 legit
964 3290 1012 3339 B
1059 3304 1087 3336 ο
1133 3303 1366 3350 υστερος,
1414 3286 1447 3335 4
1492 3302 1522 3335 ο
1570 3283 1832 3350 δευτερος,
1876 3289 1925 3338 D
1971 3301 2129 3337 ειπεν·
2178 3305 2209 3337 ο
2254 3303 2488 3351 εσχατος.
2537 3285 2696 3336 Multi
2728 3285 2873 3334 codd.

558 3371 737 3430 Italae,
772 3382 875 3416 am.
913 3366 989 3414 fu.
1024 3365 1238 3426 legunt:
1275 3361 1611 3412 novissimus.
1659 3362 1805 3427 Gopt.
1848 3362 2014 3428 syr.hr
2050 3379 2182 3414 arm.
2221 3364 2362 3414 aeth.
2398 3379 2499 3414 mn:
2538 3363 2776 3412 ultimus
2807 3386 2874 3395 —

553 3442 792 3507 λεγουσιν
825 3456 854 3489 ο
888 3455 1100 3501 πρωτος
1135 3440 1411 3502 glossema,
1447 3437 1636 3487 dicunt
1669 3439 1993 3501 Lachmann,
2045 3441 2305 3490 Praefatio
2339 3440 2403 3489 N.
2423 3440 2480 3489 T.
2516 3439 2580 3502 11,
2634 3455 2679 3503 p.
2715 3441 2774 3490 V.
2820 3447 2875 3491 et

558 3516 1002 3578 Westcott-Hort,
1037 3513 1101 3564 N.
1121 3513 1179 3562 T.
1216 3528 1262 3576 p.
1298 3511 1413 3561 572.
1450 3511 1526 3563 cf.
1563 3513 1622 3563 V.
1659 3513 1709 3564 d.
1746 3513 1798 3564 S.
1836 3515 2158 3579 Bakhuyzen
2193 3521 2249 3565 et
2284 3514 2344 3564 H.
2370 3515 2645 3564 F‘ranssen.
2683 3515 2874 3565 Benev-

553 3595 763 3657 deeling
796 3606 898 3641 van
933 3589 1273 3653 conjecturen
1307 3602 1373 3650 op
1408 3587 1511 3636 den
1549 3588 1694 3638 tekst
1728 3604 1829 3639 van
1868 3590 1960 3639 het
1993 3606 2070 3640 εν.
2108 3606 2153 3639 v.
2190 3589 2283 3639 Mt.
2321 3589 2388 3639 bl.
2424 3588 2706 3639 ’ΜΟ-114.

420 3671 501 3720 32.
556 3672 605 3721 Β
638 3671 769 3733 legit
804 3668 1004 3731 ubique
1040 3663 1262 3727 Ῐωανης.
1287 3660 1584 3712 -ΠΧΔΠ
1612 3664 1812 3714 habent
1838 3681 1972 3728 προς
1997 3681 2088 3728 υμ.
2114 3681 2292 3714 ιωανν.
2331 3665 2429 3714 Pro
2453 3679 2518 3713 ov
2543 3662 2874 3728 (RCLXAH)

554 3749 743 3810 legunt
789 3744 851 3802 Β,
899 3757 980 3806 vg.
1026 3756 1162 3805 syr-r.
1200 3745 1334 3803 copt.
1371 3739 1512 3789 aeth.
1551 3736 1693 3788 ουδε.
1728 3765 1798 3776 -
1830 3741 1894 3803 D,
1930 3756 1972 3804 c,
2008 3756 2037 3790 e
2072 3743 2331 3791 omittunt
2363 3757 2428 3789 ov
2465 3742 2547 3790 vel
2582 3739 2708 3789 ουδε
2743 3740 2812 3805 (ο,
2846 3759 2874 3792 e

555 3838 645 3871 vos
696 3826 878 3871 autem
931 3818 1171 3866 videntes
1223 3817 1355 3865 haec
1409 3812 1460 3875 [e
1507 3815 1711 3864 omittit
1758 3814 1908 3878 haec]
1962 3817 2342 3879 paenitentiam
2392 3817 2654 3866 habuistis
2697 3823 2876 3881 postea

554 3898 696 3961 quod
743 3911 849 3945 non
894 3893 1189 3944 credidistis
1238 3890 1289 3954 [e
1335 3891 1484 3941 addit
1527 3888 1619 3953 ei].
1667 3917 1733 3926 —
1779 3892 1877 3942 Pro
1923 3908 2070 3941 ουτω
2119 3894 2308 3956 legunt
2350 3891 2434 3956 33,
2483 3891 2566 3942 Or.
2604 3892 2653 3957 3,
2690 3893 2788 3944 770
2820 3911 2877 3943 εν

554 3988 717 4022 αυτω.

418 4048 500 4098 33.
556 4049 677 4098 Post
711 4044 981 4108 ανθροπος
1018 4045 1218 4094 habent
1254 4041 1428 4092 (1311ῐὶ
1450 4039 1726 4103 ῐῐὶᾶῐΈίΰθΧ,
1765 4059 1810 4102 e,
1848 4044 1883 4105 s,
1919 4043 1973 4107 h,
2009 4058 2079 4102 m,
2115 4052 2281 4107 syncu
2308 4051 2362 4094 et
2388 4042 2484 4084 sch.
2516 4059 2647 4095 arm.
2685 4062 2773 4100 τις.
2810 4072 2876 4080 —-

554 4125 652 4174 Pro
686 4119 892 4180 εξεδετο
928 4136 1047 4171 cum
1086 4118 1331 4172 ⁸*B*CJ.
1366 4120 1556 4182 legunt
1588 4081 1936 4170 xcmeA'H
1960 4115 2188 4177 εξεδοτο.
