3050 4459
1089 235 1291 287 ΚΑΤΑ
1330 234 1755 289 ΜΑΘΘΑΙΟΝ
2239 237 2332 298 12,
2364 237 2443 286 26.
2578 238 2647 287 25

162 375 367 443 ἑαυτῆς
401 374 725 442 ἐρημοῦται,
758 373 852 426 καὶ
883 380 1027 425 πᾶσα
1060 372 1212 431 πόλις
1248 371 1280 439 ἢ
1317 372 1461 424 οἰκία
1494 372 1808 439 μερισθεῖσα
1838 371 1970 424 καθ’
2002 372 2193 440 ἑαυτῆς
2218 371 2284 424 οὗ
2308 371 2643 439 σταθήσεται.

162 464 237 514 26
283 459 383 513 καὶ
434 459 486 512 εἶ
527 460 559 509 ὅ
603 465 830 517 σατανᾶς
875 457 965 510 τὸν
998 463 1228 510 σατανᾶν
1259 456 1503 524 ἐκβάλλει
1518 496 1535 520 ,
1583 455 1668 523 ἐφ’
1707 455 1896 508 ἑαυτὸν
1928 456 2205 524 ἐμερίσθη·
2239 464 2358 515 πῶς
2392 455 2489 508 οὖν
2522 477 2644 509 στα-

166 543 401 613 θήσεται
450 545 485 611 ή
530 543 770 610 βασιλεία
817 542 1014 606 αὐτοῦ,·
1067 545 1132 595 27
1180 541 1273 594 καὶ
1315 540 1366 593 εί
1394 540 1502 608 ἐγὼ
1538 540 1595 592 ἐν
1628 540 1958 608 Βεελζεβούλ
1992 540 2240 609 ἐκβάλλω
2275 540 2337 594 τὰ
2372 542 2645 608 δαιμόνια,

162 631 225 681 οί
254 629 369 682 υἱοὶ
406 628 565 695 ὑμῶν
596 627 655 679 ἒν
688 629 785 679 τίνι
818 626 1201 695 ἔκβάλλουσινῑ
1238 625 1326 678 διὰ
1361 632 1515 677 τοῦτο
1545 623 1698 678 αὐτοὶ
1732 625 1909 692 κριταὶ
1944 626 2148 678 ἔσονται
2183 625 2354 691 ὑμῶν.
2404 628 2472 679 28
2504 626 2555 677 εί
2585 624 2646 677 δὲ

162 713 225 764 ἐν
269 713 539 778 πνεύματι
586 712 720 765 θεοῦ
764 710 871 778 ἐγὼ
917 709 1166 778 ἐκβάλλω
1209 708 1270 762 τὰ
1305 710 1581 776 δαιμόνια,
1630 709 1736 777 ἀρα
1770 709 2010 777 ἔφθασεν
2041 709 2128 777 ἐφ’
2165 710 2303 775 ὑμᾶς
2339 709 2372 777 ἡ
2407 710 2644 776 βασιλεία

166 805 263 850 τοῦ
317 798 474 850 θεοῦ.
542 799 611 850 29
656 796 690 864 ἢ
735 802 853 854 πῶς
898 795 1123 849 δύναταί
1162 814 1237 853 τις
1281 793 1539 847 εἰσελθεῖν
1584 794 1658 852 εἷς
1703 793 1799 862 τὴν
1844 794 2020 847 οἰκίαν
2065 802 2157 846 τοῦ
2198 794 2421 862 ίσχυροῖ·
2455 794 2548 846 καὶ
2583 793 2646 846 τὰ

162 882 345 949 σκεύη
395 881 564 935 αὐτοῦ
609 880 870 948 ἁρπάσαι,
921 879 1014 933 ἐὰν
1056 877 1134 946 μὴ
1178 885 1395 945 πρῶτον
1437 877 1578 946 δήσῃ
1625 878 1716 931 τὸν
1759 878 2010 946 ἰσχυρῶς
2060 879 2154 931 καὶ
2197 880 2308 931 τότε
2343 878 2437 946 τὴν
2470 865 2646 931 οἰκίαν

164 968 343 1021 αὐτοῦ
379 964 679 1033 διαρπάσει.
733 967 799 1019 30
832 965 864 1016 ὁ
893 964 970 1032 μὴ
1008 963 1087 1017 ὢν
1118 963 1230 1031 μετ’
1268 963 1400 1030 ἐμοῦ
1436 962 1552 1016 κατ’
1590 962 1725 1029 ε’μοῦ
1758 962 1925 1026 ἐστίν,
1959 961 2052 1016 καὶ
2086 964 2120 1015 δ
2149 963 2225 1032 μὴ
2261 963 2505 1031 συνάγων
2530 962 2640 1031 μετ’

162 1052 309 1118 ἐμοῦ
345 1052 644 1118 σκορπίζει.
682 1054 741 1104 31
784 1048 883 1103 Διὰ
918 1056 1072 1101 τοῦτο
1105 1049 1243 1116 λέγω
1279 1048 1432 1114 ὑμῖν,
1465 1054 1610 1100 πᾶσα
1645 1047 1874 1115 ἁμαρτία
1908 1048 2002 1100 καὶ
2027 1048 2342 1116 βλασφημία
2370 1048 2644 1116 ἀφεθήσε-

162 1157 252 1189 ται
304 1143 417 1194 τοῖς
462 1135 803 1203 ἀνθρώποις,
849 1134 883 1203 ἡ
920 1132 979 1186 δὲ
1012 1140 1104 1185 τοῦ
1137 1132 1434 1199 πνεύματος
1465 1132 1782 1199 βλασφημία
1816 1131 1918 1185 οὐκ
1954 1131 2300 1201 ἀφεθήσεται.
2353 1135 2421 1186 32
2454 1133 2547 1186 καὶ
2583 1134 2642 1191 ὃς
2695 1150 2754 1182 ιε.
2781 1150 2830 1184 12.
2855 1150 2898 1180 ιυ

164 1221 235 1273 ἂν
289 1222 419 1288 εἴπῃ
470 1220 627 1287 λόγον
679 1218 815 1273 κατὰ
861 1225 953 1271 τοῦ
1001 1219 1122 1271 υἱοῦ
1169 1224 1261 1270 τοῦ
1306 1216 1633 1284 ἀνθρώπου,
1685 1215 2014 1285 ἀφεθήσεται
2048 1217 2211 1284 αὐτῷ’
2248 1218 2307 1276 ὃς
2340 1216 2388 1269 δ’
2425 1217 2489 1270 ἂν
2522 1218 2642 1285 εἴπῃ

164 1305 314 1358 κατὰ
360 1312 457 1357 τοῦ
503 1304 802 1371 πνεύματος
850 1310 941 1356 τοῦ
988 1302 1170 1371 ἁγίου,
1219 1301 1322 1354 οὐκ
1369 1300 1700 1369 ἀφεθήσεται
1745 1300 1893 1367 αὐτῷ
1928 1301 2050 1354 οὔτε
2082 1301 2139 1354 ἐν
2173 1301 2343 1369 τούτῳ
2377 1309 2453 1368 τῷ
2487 1302 2641 1355 αἰῶνι
2733 1355 2776 1386 33
2832 1355 2876 1385 3³

164 1391 299 1443 οὔτε
343 1389 408 1442 ἐν
451 1397 529 1456 τῷ
571 1388 826 1455 μέλλοντι.
895 1389 963 1441 33
998 1387 1085 1440 ”H
1119 1385 1373 1453 ποιήσατε
1419 1385 1479 1437 τὸ
1525 1384 1747 1452 δένδρον
1778 1383 1946 1438 καλὸν
1979 1385 2072 1437 καὶ
2106 1385 2196 1438 τὸν
2228 1385 2440 1452 καρπὸν
2472 1385 2636 1438 αὐτοῦ
2705 1408 2736 1446 τ,
2763 1409 2804 1440 ιε
2863 1409 2902 1439 ικ

164 1475 373 1536 καλόν,
420 1473 453 1541 ἢ
486 1473 742 1541 ποιήσατε
777 1471 834 1524 τὸ
869 1471 1090 1539 δένδρον
1123 1469 1328 1537 σαπρὸν
1361 1470 1454 1522 καὶ
1491 1469 1582 1522 τὸν
1614 1469 1828 1535 καρπὸν
1860 1469 2024 1523 αὐτοῦ
2059 1471 2279 1538 σαπρόν·
2303 1470 2377 1538 ,ἐκ
2414 1470 2513 1538 γὰρ
2549 1478 2641 1522 τοῦ
2671 1462 2728 1493 ¹¹⁴²·
2748 1462 2838 1499 ⁶¹⁴³
2894 1460 2940 1491 ⁴⁵

163 1565 395 1626 καρποῦ
431 1557 491 1610 τὸ
525 1557 747 1624 δένδρον
780 1556 1111 1624 γινώσκεται.
1146 1558 1213 1608 34
1246 1554 1542 1622 γεννήματα
1570 1554 1799 1621 ἐχιδνῶν
1809 1593 1825 1617 ,
1856 1560 1976 1612 πῶς
2004 1554 2239 1608 δύνασθε
2266 1554 2444 1622 ἀγαθὰ
2471 1555 2644 1608 λαλεῖν

162 1643 405 1711 πονηροὶ
441 1643 615 1705 ὅντες,·
652 1640 717 1694 ἑκ
752 1639 851 1708 γὰρ
888 1646 980 1693 τοῦ
1013 1639 1430 1707 περισσεύματος
1465 1645 1559 1705 τῆς
1593 1639 1818 1706 καρδίας
1852 1637 1911 1690 τό
1945 1639 2114 1712 στόμα
2146 1638 2305 1692 λαλεῖ.
2351 1641 2419 1690 35
2452 1639 2484 1690 ὁ
2515 1639 2644 1706 ἀγα-

164 1728 274 1787 θὸς
310 1726 610 1793 ἅνθρωπος
644 1725 707 1777 ἐκ
743 1732 836 1777 τοῦ
869 1724 1080 1792 ἀγαθοῦ
1114 1723 1396 1790 θησαυροῦ
1430 1721 1676 1789 ἐκβάλλει
1709 1721 1919 1789 ἀγαθά,
1969 1721 2063 1774 καὶ
2098 1722 2131 1773 ό
2159 1721 2392 1790 πονηρὸς
2425 1723 2644 1790 ἅνθρω-

163 1832 273 1871 πος
318 1812 388 1864 ἐκ
438 1818 532 1863 τοῦ
574 1816 815 1878 πονηροῦ
855 1809 1137 1877 θησαυροῦ
1171 1806 1414 1875 ἐκβάλλει
1446 1806 1673 1874 πονηρά.
1724 1808 1793 1859 36
1822 1805 1961 1874 λέγω
1996 1806 2056 1858 δὲ
2091 1806 2214 1873 ὑμῖν
2247 1808 2326 1859 ὅτι
2358 1814 2464 1859 πᾶν
2496 1806 2643 1875 ῥῆμα

166 1896 345 1965 ἀργὸν
381 1897 415 1948 ὃ
446 1894 766 1963 λαλήσουσιν
799 1894 856 1946 οἱ
883 1894 1163 1960 ἅνθρωποι
1178 1933 1194 1957 ,
1227 1891 1602 1945 ἀποδώσουσιν
1623 1890 1744 1957 περὶ
1765 1889 1930 1943 αὐτοῦ
1951 1891 2108 1959 λόγον
2126 1890 2184 1943 ἐν
2206 1890 2377 1960 ἡμέρᾳ
2394 1892 2641 1959 κρίσεως.

164 1986 235 2035 37
275 1980 341 2033 ἐκ
377 1979 481 2049 γὰρ
518 1986 624 2032 τῶν
655 1978 831 2046 λόγων
865 1997 962 2031 σου
997 1976 1371 2044 δικαιωθήσῃ,
1407 1975 1499 2029 καὶ
1533 1975 1597 2028 ἐκ
1633 1981 1740 2027 τῶν
1773 1975 1947 2043 λόγων
1979 1994 2078 2028 σου
2113 1976 2575 2044 καταδικασθήσῃ.
2734 2033 2777 2058 Ἣ

237 2069 310 2120 38
373 2066 503 2118 Τότε
553 2063 926 2131 ἀπεκρίθησαν
975 2061 1123 2128 αὐτῷ
1169 2060 1301 2120 τινὲς
1348 2067 1455 2113 τῶν
1501 2059 1858 2128 γραμματέων
1902 2059 1995 2113 καὶ
2048 2061 2354 2127 Φαρισαίων
2391 2061 2641 2129 λέγοντες·
2699 2032 2756 2116 ιζ.
2781 2033 2900 2122 uffa

166 2149 500 2212 διδάσκαλε,
550 2148 779 2215 θέλομεν
828 2146 933 2200 ἀπὸ
985 2153 1081 2199 σοῦ
1133 2153 1351 2213 σημεῖον
1396 2145 1543 2197 ἰδεῖν.
1613 2146 1681 2197 39
1725 2145 1756 2195 ὁ
1802 2143 1863 2198 δὲ
1907 2144 2224 2212 ἀποκριθεὶς
2268 2143 2411 2198 εἶπεν
2445 2145 2639 2203 αὐτοῖς·
2733 2138 2776 2169 ²⁹
2795 2139 2873 2169 '³²
2925 2191 2933 2199 .

168 2235 326 2304 γενεὰ
374 2233 588 2302 πονηρὰ
632 2233 725 2286 καὶ
770 2232 1015 2300 μοιχαλὶς
1059 2239 1280 2299 σημεῖον
1312 2230 1573 2298 ἐπιζητεῖ,
1625 2230 1718 2282 καί
1752 2237 1971 2297 σημεῖον
2006 2229 2071 2283 οὐ
2107 2230 2391 2299 δοθήσεται
2427 2230 2564 2298 αὐτῇ
2597 2230 2647 2283 εἷ
2755 2253 2804 2288 ιε,
2826 2253 2846 2283 ι

166 2320 249 2389 μὴ
300 2320 362 2373 τὸ
408 2326 632 2387 σημεῖον
671 2318 829 2372 Ἰωνᾶ
876 2324 966 2370 τοῦ
1007 2315 1310 2384 προφήτου.
1363 2319 1430 2368 40
1474 2314 1655 2382 ὥσπερ
1701 2313 1800 2382 γὰρ
1836 2314 1903 2382 ἦν
1932 2314 2118 2373 Ἰωνᾶς
2151 2314 2208 2367 ἐν
2243 2323 2304 2382 τῇ
2340 2316 2514 2383 κοιλίᾳ
2549 2322 2641 2368 τοῦ
2699 2331 2867 2368 lou-2.1

169 2406 380 2474 κήτους
427 2411 566 2471 τρεῖς
612 2402 815 2472 ἡμέρας
859 2401 953 2454 καὶ
989 2409 1124 2469 τρεῖς
1157 2400 1383 2463 νύκτας,
1428 2399 1603 2458 οὕτως
1637 2399 1780 2452 ἔσται
1815 2399 1846 2450 ό
1879 2398 1993 2457 υἱὸς
2032 2406 2123 2452 τοῦ
2160 2398 2456 2467 ἀνθρώπου
2489 2400 2547 2453 ἐν
2579 2408 2642 2468 τῇ

169 2490 376 2557 καρδίᾳ
412 2495 508 2555 τῆς
541 2493 638 2555 γῆς
674 2494 810 2554 τρεῖς
844 2486 1046 2555 ἡμέρας
1079 2485 1173 2539 καὶ
1208 2492 1345 2552 τρεῖς
1380 2483 1592 2543 νύκτας.
1631 2487 1688 2536 41
1730 2484 1925 2550 ἄνδρες
1957 2484 2231 2537 Νινευῖται
2261 2484 2638 2553 ἀναστήσονται
2695 2509 2770 2541 1011.
2793 2509 2823 2546 ει,
2847 2508 2871 2538 5

170 2748 255 2799 27.
306 2763 453 2811 κριτ.
502 2761 668 2795 εσοντ.
712 2762 803 2809 υμ.
840 2761 963 2795 cum
997 2745 1147 2805 uBD,
1191 2759 1239 2807 a,
1274 2744 1323 2806 b,
1358 2745 1396 2807 f,
1433 2742 1560 2806 ffl‚2,
1594 2742 1669 2808 gl,
1707 2744 1758 2806 h,
1794 2743 1844 2807 k,
1881 2745 1915 2806 l,
1950 2759 2001 2807 q.
2056 2741 2650 2794 CEGKMSL'VXMII

312 2826 508 2887 legunt
540 2838 632 2884 υμ.
668 2837 744 2870 εσ.
778 2837 916 2884 κριτ.

308 2914 422 2963 εγω
459 2903 586 2947 ante
618 2913 675 2946 εν
706 2914 792 2946 πν.
828 2894 886 2946 θ.
922 2897 1127 2946 addunt
1163 2898 1198 2960 s,
1236 2911 1305 2958 m,
1340 2910 1441 2959 vg„
1474 2903 1659 2958 syram.

307 2989 548 3037 αρπαοαι
594 2987 717 3023 cum
763 2971 955 3035 BfflX,
999 2972 1047 3021 1.
1098 2968 1384 3036 διαρπασαι
1430 2986 1554 3020 cum
1602 2968 2354 3022 ⁸0³⁶*DEGKLMSUVI'AH
2389 2996 2456 3005 --
2491 2969 2639 3036 διαρ-

307 3066 471 3099 πασει
505 3065 629 3099 eum
664 3045 1207 3099 BGELMUVXFJD.
1264 3042 1530 3110 διαρπαση
1568 3061 1691 3096 eum
1726 3043 2056 3098 xDGKSH*.
2108 3063 2330 3110 αρπασει
2366 3063 2489 3098 cum
2525 3048 2573 3098 1.

174 3127 259 3178 31.
311 3141 421 3176 ουκ
458 3121 692 3188 αφεθησ.
730 3139 853 3175 cum
889 3125 973 3176 RB
1005 3122 1079 3188 g2‚
1119 3124 1169 3186 k,
1205 3138 1286 3187 vg.
1321 3129 1455 3186 eopt.
1486 3138 1618 3172 arm.
1645 3123 1788 3172 aeth.
1827 3122 2081 3172 Nonnulli
2119 3123 2404 3173 minusculi
2437 3125 2645 3173 addunt

309 3217 512 3255 αυτοις.
566 3197 1254 3251 GDEGKLMSUVXPAJI
1282 3201 1470 3263 legunt
1502 3214 1609 3252 τοις
1644 3194 1971 3261 ανθρωποις.

170 3279 253 3329 32,
309 3293 375 3332 ος
407 3293 501 3325 εαν
534 3291 658 3327 cum
693 3271 1472 3327 nBCEFGKLMSUVXFAH.
1510 3291 1569 3329 ος
1603 3290 1669 3322 αν
1702 3288 1825 3322 cum
1862 3274 1920 3323 D.
1961 3273 2060 3322 Pro
2093 3288 2196 3322 ουκ
2232 3271 2396 3337 αφεθ.
2433 3275 2560 3340 legit
2593 3276 2642 3325 B

314 3370 385 3403 ov
434 3369 511 3416 μη
546 3349 748 3417 αφεθη.
783 3376 851 3386 -
884 3367 1055 3400 τουτω
1092 3368 1133 3401 τ.
1167 3367 1322 3400 αιωνι
1356 3366 1480 3400 cum
1515 3349 1706 3402 fflCD.
1758 3365 1834 3397 τω
1869 3365 2023 3399 αιωνι
2056 3365 2229 3398 τουτω
2263 3366 2386 3400 eum
2421 3348 2638 3400 ΚΧΔΠ.

314 3446 394 3478 τω
429 3445 525 3478 νυν
557 3444 712 3478 αιωνι
746 3443 870 3478 cum
904 3424 1355 3478 EFGLMSUVJ'.

171 3508 256 3557 35.
312 3507 445 3555 Post
476 3501 756 3567 θησαυρου
792 3506 979 3568 legunt
1006 3504 1065 3566 L,
1102 3518 1212 3566 mu,
1246 3501 1317 3565 β’,
1356 3500 1439 3563 11⁶2,
1460 3507 1568 3565 gat.
1595 3515 1722 3549 mm.
1748 3508 1930 3564 symm,
1957 3514 2087 3549 arm.
2111 3502 2252 3550 aeth.
2280 3517 2372 3565 της
2394 3498 2637 3564 καρδιας.

312 3578 532 3636 xCLUA
572 3581 760 3644 legunt
793 3596 854 3630 τα
888 3576 1083 3643 αγαθα.
1122 3576 1257 3629 LUA
1297 3594 1358 3626 τα
1391 3593 1618 3641 πονηρα.

170 3659 255 3711 36.
313 3673 348 3706 ο
381 3673 477 3705 εαν
510 3671 603 3720 pm
635 3671 667 3704 ο
700 3657 889 3720 legunt
924 3650 1527 3704 CEGKMSUVXFAH.
1582 3652 1678 3701 Pso
1710 3647 2026 3715 λαλήσουσιν
2050 3652 2222 3714 (κΒΟ)
2245 3653 2293 3701 Ι)
2315 3650 2562 3702 λαλουσιν
2586 3660 2644 3702 et

310 3727 915 3782 EGKLMSUVXI'AH
940 3727 1256 3794 λαλησωσιν.

170 3810 254 3860 38.
312 3823 466 3857 αυτω
510 3808 782 3857 omittitur
815 3803 1316 3857 EGKSL'VXFAJI.
1376 3822 1483 3855 των
1516 3822 1716 3870 γραμμ.
1753 3822 1807 3853 κ.
1845 3821 1975 3869 φαρ.
2011 3821 2133 3856 eum
2169 3805 2646 3858 nCDEGLMSUV

309 3881 531 3942 ΧΓΔΠ,
566 3884 625 3933 it.
665 3898 744 3947 vg.
782 3883 963 3934 Lehm.
997 3883 1200 3933 omittit
1232 3899 1287 3930 κ.
1323 3899 1455 3946 φαρ.
1491 3898 1615 3932 cum
1651 3883 1714 3931 Β.

170 3963 251 4015 41.
308 3977 559 4011 νινευιται
612 3975 735 4010 cum
787 3956 1252 4009 EGKMSUVFII.
1296 3984 1363 3993 —
1409 3958 1585 4008 Naber
1629 3957 2015 4023 (Mnemosyne,
2061 3957 2209 4023 1881,
2259 3975 2305 4023 p.
2339 3958 2463 4018 226)
2512 3961 2642 4024 legit

308 4052 451 4085 κατα
503 4050 597 4100 pro
645 4052 795 4099 μετα.
847 4035 1065 4100 „Surgit
1114 4041 1389 4086 accusator
1439 4050 1544 4084 non
1597 4051 1728 4097 μετα
1779 4051 1943 4095 τινος,
1994 4037 2083 4085 sed
2136 4052 2271 4085 κατα
2317 4038 2506 4091 τινος.”
2558 4035 2638 4087 cf.

309 4120 497 4163 comm
534 4111 811 4162 Franssen.

170 2900 255 3026 &3³5
