3050 4459
348 229 379 264 ,Χ
1536 245 1599 253 .-

409 389 601 437 mutila
662 389 827 438 edidit
890 389 959 439 10.
1014 389 1221 438 Bari-ett
1286 390 1521 440 Dublinii
1573 389 1721 441 1801.
1789 391 1978 441 Postea
2027 394 2338 442 retractavit
2386 394 2796 459 emendavitque

409 473 458 522 S.
497 474 551 523 P.
586 474 866 538 'Fregelles

341 554 395 605 Γ
419 557 579 606 codex
615 563 871 622 quattuor
904 561 1299 622 evangeliorum
1335 574 1399 608 ex
1434 560 1640 609 oriente
1674 575 1705 608 a
1729 560 1899 609 Tisch.
1925 560 2147 623 allatus,
2183 575 2380 623 magna
2405 563 2597 613 codicis
2621 563 2794 628 Cyprii

407 643 440 691 i.
475 657 520 692 e.
558 643 618 692 K.
654 645 1052 707 evangeliorum
1098 644 1449 694 similitudine
1484 646 1816 708 conspicuus
1869 646 2040 695 Lucae
2075 651 2255 696 textus
2289 648 2496 710 integer
2528 656 2795 711 superest,

408 727 537 776 item
574 727 735 778 Marci
771 729 1001 791 exceptis
1033 727 1067 778 3
1102 743 1114 778 :
1149 727 1317 778 35-6
1342 744 1353 777 :
1379 728 1461 779 20.
1513 730 1787 780 Accedunt
1823 731 2125 794 fragmenta
2158 746 2222 779 ex
2259 731 2324 780 10
2358 746 2505 795 capp.
2540 732 2796 782 Matthaei

407 816 461 859 et
494 809 527 859 8
564 812 812 861 Iohannis
845 812 1099 876 captibus.
1137 813 1283 872 Quae
1318 814 1538 877 quidem
1575 829 1744 877 quum
1780 829 1919 864 anno
1953 812 2087 864 1855
2109 830 2172 864 ex
2200 816 2599 866 collectionibus
2624 817 2794 866 Tisch.

407 896 473 944 ad
508 896 631 947 bibl.
668 897 861 947 Bodlei.
925 897 1279 948 Oxoniensem
1312 900 1659 962 transissent,
1694 913 1834 948 anno
1867 896 2001 948 1859
2035 899 2083 948 ei
2117 900 2342 963 contigit
2375 905 2438 948 ut
2473 900 2652 949 omnia
2685 901 2794 950 fere

406 982 613 1045 reliqua
661 983 898 1032 eiusdem
946 983 1343 1046 evangeliorum
1390 983 1582 1032 codicis
1629 983 1927 1046 fragmenta
1972 997 2036 1032 ex
2085 983 2306 1032 orientis
2340 983 2557 1034 latebris
2589 992 2794 1048 protra-

410 1064 575 1114 heret.
656 1067 789 1117 Hinc
839 1067 1231 1132 Petropolitana
1281 1069 1423 1117 facta
1472 1073 1602 1117 sunt
1650 1068 1953 1130 fragmenta
2006 1068 2160 1117 haec:
2223 1067 2316 1117 Mt.
2369 1066 2394 1116 1
2439 1067 2619 1118 :1—5
2656 1084 2666 1117 :
2701 1067 2793 1131 31,

408 1148 441 1195 9
478 1165 490 1199 :
527 1149 691 1200 6—12
730 1152 871 1216 :18‚
932 1152 1000 1202 14
1036 1152 1330 1202 :15—20:
1366 1152 1458 1216 25,
1523 1151 1591 1201 23
1626 1167 1638 1201 τ
1674 1150 1739 1201 13
1802 1165 1974 1216 usque
2021 1150 2201 1201 finem.
2266 1152 2335 1201 Io.
2370 1150 2395 1200 1
2438 1167 2449 1201 :
2486 1151 2619 1202 1-6
2655 1167 2667 1201 :
2701 1151 2792 1216 13,

405 1232 438 1280 8
475 1249 487 1283 ε
523 1234 689 1286 3-15
728 1252 738 1286 :
772 1238 866 1302 24,
917 1237 983 1287 19
1019 1254 1031 1288 :
1069 1237 1102 1286 6
1152 1253 1324 1301 usque
1372 1237 1552 1287 sunem.
1599 1237 1805 1287 Additis
1850 1238 1913 1286 ad
1954 1237 2084 1286 haec
2118 1237 2256 1286 foliis
2289 1236 2675 1286 Oxoniensibus
2711 1239 2793 1288 10-

406 1332 572 1369 annes
606 1327 847 1384 superest
882 1325 1114 1386 integer3
1169 1324 1233 1371 de
1269 1323 1540 1371 Matthaeo
1576 1321 1947 1371 desiderantur
1979 1319 2368 1383 5:32—6:16‚
2401 1318 2791 1382 6:30—7225„

405 1402 465 1452 21
506 1419 519 1453 ι
554 1405 754 1455 20-22
790 1418 802 1452 ε
838 1407 917 1456 24.
985 1408 1267 1471 Singulare
1315 1412 1500 1457 autem
1553 1406 1678 1455 folia
1726 1406 2118 1468 Petropolitana
2163 1413 2541 1455 ornamentum
2588 1419 2622 1452 a
2665 1404 2793 1453 sub-

405 1489 687 1551 scriptione
735 1491 960 1555 habent,
1007 1493 1071 1541 ad
1124 1491 1285 1541 finem
1333 1506 1411 1541 ev.
1460 1492 1530 1541 10.
1564 1492 1810 1554 inventa,
1864 1506 1970 1554 qua
2005 1506 2180 1540 annus
2213 1490 2409 1540 Christi
2443 1489 2544 1538 844-
2580 1496 2793 1539 notatus

406 1571 627 1622 videtur.
1925 1563 1933 1570 ⁶

338 1652 379 1702 Δ
417 1657 575 1706 codex
629 1659 988 1723 sangallensis
1036 1676 1161 1710 cum
1213 1661 1449 1710 versione
1496 1659 1684 1709 Latina
1735 1659 2083 1709 interlineari.
2155 1658 2422 1717 Quattuor
2470 1673 2581 1707 evv.
2632 1658 2794 1708 habet

403 1740 613 1805 integra
645 1749 853 1806 praeter
889 1745 997 1794 [oh.
1033 1743 1098 1793 19
1134 1759 1147 1793 2
1181 1743 1396 1793 17—35.
1448 1743 1586 1794 Noni
1628 1745 1842 1794 saeculi.

341 1819 418 1872 &a
461 1827 619 1876 codex
671 1829 1169 1879 Tischendorfianus
1225 1830 1241 1877 l
1294 1828 1644 1879 bibliothecae
1702 1830 2061 1878 universitatis
2131 1828 2428 1891 Lipsiensis
2480 1827 2617 1877 Sunt
2671 1828 2792 1876 folia

403 1917 682 1972 quattuor,
735 1927 964 1976 quorum
1008 1914 1231 1963 tertium
1278 1914 1388 1962 fere
1438 1914 1594 1976 periit
1638 1913 1896 1962 Matthaei
1944 1914 2257 1977 fragmentis
2290 1915 2568 1977 completa.
2621 1912 2794 1961 Edidit

400 1994 573 2044 Tisch.
622 1999 674 2045 in
726 1997 1085 2047 Monumentis
1130 2011 1261 2047 sacr.
1310 1998 1445 2046 ined.
1483 2012 1598 2061 pag.
1635 1996 1815 2047 1-10.
1868 1996 2077 2047 Saeculi
2111 2003 2193 2046 est
2226 1998 2437 2060 septimi
2471 1998 2582 2046 fere
2617 1997 2792 2047 medii.

402 2079 527 2129 Post
586 2089 921 2131 accesserunt
969 2083 1276 2146 fragmenta
1324 2081 1532 2144 aliquot
1582 2082 1647 2130 de
1700 2082 1793 2130 Mt.
1845 2081 1911 2130 12
1947 2097 1959 2131 ε
1993 2080 2220 2142 17-19,
2273 2080 2474 2130 23—25
2526 2083 2788 2143 decerpta.

402 2164 542 2215 Haec
576 2166 717 2216 edita
751 2172 879 2216 sunt
912 2166 965 2216 in
1002 2166 1546 2216 Monumentorsnov.
1582 2166 1783 2215 collect.
1820 2168 1920 2215 vol.
1959 2166 2031 2229 11,
2071 2181 2117 2228 p.
2152 2164 2266 2215 321.

340 2244 420 2297 Θῑ)
455 2245 529 2298 ΘΟ
563 2245 667 2299 Θᾱτ
716 2251 798 2300 his
842 2251 992 2314 siglis
1036 2251 1091 2299 in
1141 2264 1427 2299 numerum
1474 2250 1716 2299 codicum
1752 2250 2148 2312 evangeliorum
2186 2251 2383 2313 recepit
2415 2247 2586 2299 Tisch.
2624 2250 2793 2299 varias

402 2332 657 2382 librorum
693 2335 1189 2398 antiquissimorum
1225 2335 1505 2397 reliquiaS,
1543 2348 1677 2397 quas
1711 2349 1834 2383 cum
1869 2341 1950 2383 tot
1985 2335 2102 2383 aliis
2129 2335 2491 2384 monumentis
2515 2349 2576 2383 ex
2604 2335 2793 2383 itinere

401 2432 497 2466 suo
544 2418 787 2468 orientali
823 2418 1142 2468 bibliotheca
1178 2419 1305 2481 Imp.
1344 2418 1736 2481 Petropolitana
1773 2419 1960 2482 habet,
2007 2419 2084 2468 ita
2119 2426 2214 2469 uta
2253 2417 2332 2468 Ob
2372 2419 2637 2482 significet
2668 2419 2795 2468 folia

400 2516 489 2551 sex
538 2503 629 2552 vu
679 2505 788 2552 fere
834 2505 1059 2565 saeculi,
1105 2501 1301 2562 quibus
1348 2505 1492 2552 varia
1540 2502 1799 2552 Matthaei
1846 2508 1902 2553 et
1945 2503 2106 2553 Marci
2143 2505 2446 2568 fragmenta
2478 2509 2790 2566 supersunt:

405 2583 481 2634 60·
521 2587 707 2637 folium
745 2604 914 2637 unum
952 2590 1148 2638 saeculi
1185 2588 1279 2650 vl,
1328 2589 1380 2636 in
1417 2603 1524 2651 quo
1561 2593 1642 2637 est
1675 2588 1769 2637 Mt.
1805 2587 1867 2636 21
1907 2602 1920 2637 ε
1955 2586 2184 2649 19-24,
2232 2590 2361 2636 item
2397 2589 2628 2636 alterum
2663 2587 2791 2637 Por-

403 2671 533 2733 lirfi,
590 2673 641 2720 in
691 2688 797 2736 quo
843 2679 925 2722 est
974 2673 1150 2722 loann.
1199 2671 1264 2721 18
1301 2688 1312 2721 :
1349 2671 1574 2721 29—35:
1646 2668 1723 2732 &q
1764 2672 1952 2721 folium
2004 2672 2283 2720 dimidium
2320 2686 2442 2720 cum
2480 2671 2794 2736 fragmentis

400 2770 510 2818 cap.
548 2756 616 2805 xl
653 2772 728 2805 ev.
765 2757 938 2806 Lucae
971 2758 1167 2806 saeculi
1204 2758 1313 2805 fere
1348 2756 1481 2805 VIII.
1536 2756 1814 2805 Praeterea
1843 2770 1904 2804 ex
1935 2755 2158 2817 Porfyrii
2192 2755 2592 2806 collectionibus
2615 2770 2791 2806 acces-

399 2847 612 2890 serunt:
655 2839 728 2890 Θθ
769 2856 891 2890 cum
927 2841 1226 2904 fragmento
1261 2855 1339 2889 ev.
1375 2839 1631 2889 Matthaei
1669 2837 1841 2899 (26:‘2
1876 2836 2014 2902 sqq.)
2052 2839 2250 2888 saeculi
2287 2840 2396 2888 fere
2431 2839 2528 2902 Vl;
2576 2837 2648 2890 ΘΓ
2668 2856 2791 2891 cum

403 2927 715 2989 fragmentis
751 2927 1145 2989 evangeliorum
1183 2925 1439 2974 Matthaei
1475 2925 1644 2987 (capp.
1679 2922 1772 2986 26,
1806 2922 1895 2985 27)
1931 2929 1987 2972 et
2021 2923 2182 2972 Marci
2217 2922 2386 2986 (capp.
2407 2922 2454 2986 1,
2479 2923 2534 2986 9.)
2553 2926 2798 2974 eiusdem

403 3011 628 3064 saeculi:
690 3008 769 3060 ΘΞ
822 3025 943 3059 cum
995 3011 1294 3072 fragmento
1340 3025 1419 3057 ev.
1477 3009 1546 3058 lo.
1597 3009 1652 3069 (6
1688 3024 1699 3057 :
1735 3006 1801 3057 13
1837 3008 1977 3072 sqq.)
2035 3009 2194 3058 simili
2243 3010 2594 3071 epistularum
2644 3009 2791 3059 Paul.

400 3096 561 3144 codici
612 3097 654 3142 I)
699 3103 857 3150 (saec.
906 3094 1024 3156 Vl);
1078 3092 1155 3145 Oh
1209 3109 1331 3144 cum
1370 3095 1686 3157 fragmentis
1721 3109 1800 3144 ev.
1836 3094 2027 3143 Matth.
2064 3093 2197 3157 (cap.
2232 3092 2321 3154 25)
2357 3107 2494 3157 quae
2528 3094 2789 3144 adiectam

404 3181 601 3230 habent
635 3182 931 3230 versionem
966 3179 1271 3242 Arabicam,
1307 3180 1505 3229 saeculi
1541 3179 1628 3228 lx.

333 3261 379 3314 Λ
419 3266 576 3315 codex
629 3266 1023 3328 evangeliorum
1077 3265 1246 3314 Lucae
1301 3271 1357 3312 et
1410 3264 1658 3312 Iohannis
1709 3264 1942 3327 integer,
2002 3263 2130 3313 noni
2181 3265 2356 3326 potius
2405 3278 2569 3326 quam
2619 3265 2791 3314 octavi

400 3351 613 3400 saeculi.
669 3351 838 3399 Antea
871 3349 1060 3412 Tisch.‚
1096 3364 1239 3398 nnnc
1276 3349 1594 3398 Bodleianus
1628 3346 1954 3398 oxoniensis.

336 3432 385 3484 Ξ
394 3451 404 3484 :
456 3437 552 3486 hoc
597 3437 730 3498 siglo
778 3435 829 3484 S.
867 3435 921 3483 P.
957 3433 1224 3497 Tregelles
1270 3435 1569 3497 designavit
1612 3434 1912 3497 fragmenta
1946 3435 2208 3498 evangelii
2245 3434 2416 3484 Lucae
2451 3435 2789 3497 palimpsesta

400 3537 461 3570 ex
509 3519 916 3583 evangelistario
961 3533 1095 3568 saec.
1141 3518 1289 3580 XIII,
1337 3518 1477 3582 qnod
1527 3533 1590 3567 ex
1628 3518 1802 3567 insula
1838 3518 2094 3582 Zacynthi
2128 3519 2182 3566 in
2219 3518 2590 3568 bibliothecam
2623 3520 2789 3568 socie-

400 3606 525 3654 tatis
559 3605 779 3654 biblicae
816 3605 1161 3653 Londinensis
1194 3603 1415 3665 (British
1453 3604 1556 3653 and
1597 3604 1816 3667 Foreign
1855 3603 2000 3652 Bible
2036 3602 2269 3667 Society)
2295 3603 2496 3652 dudum
2525 3604 2788 3665 pervenit,

400 3705 431 3737 a
475 3704 531 3738 se
578 3697 733 3739 eruta
780 3696 836 3738 et
881 3704 1020 3738 anno
1061 3686 1189 3737 1861
1230 3688 1451 3737 Londini
1488 3689 1885 3738 accuratissime
1919 3689 2076 3737 edita.
2113 3687 2384 3751 Scriptura
2418 3688 2608 3736 horum
2644 3689 2787 3751 frag-

402 3781 706 3822 mentorum
771 3774 940 3823 Lucae
991 3772 1075 3834 (ex
1129 3787 1271 3835 capp.
1325 3772 1588 3835 prioribus
1644 3770 1913 3834 undecim)
1964 3779 2208 3821 octavum
2261 3771 2532 3821 saeculum
2587 3773 2788 3836 prodit,

400 3863 578 3906 textus
612 3872 735 3905 vero
773 3859 1088 3921 plerumque
1124 3872 1246 3905 cum
1282 3857 1500 3908 aBCDL
1536 3858 1801 3906 consentit
1835 3863 2212 3920 praetereaque
2247 3857 2432 3905 eadem
2464 3869 2585 3904 cum
2611 3855 2788 3905 codice

401 3941 652 3990 Vaticano
687 3942 1038 4004 capitulorum
1077 3942 1349 3990 notatione
1385 3941 1605 4004 insignis
1638 3947 1734 3990 est.

334 4022 415 4073 17:
454 4026 877 4087 Petropolitanus
923 4041 1202 4076 caesareus
1247 4026 1466 4075 Muralti
1513 4025 1743 4074 xxxlv.
1797 4025 1904 4074 Hoc
1948 4026 2178 4088 denique
2223 4025 2422 4088 sigium
2457 4024 2584 4073 dare
2616 4024 2789 4073 Tisch.

405 4111 601 4173 placuit
649 4112 809 4159 codici
858 4117 1115 4174 quattuor
1158 4126 1271 4160 evv.
1320 4110 1443 4160 noni
1491 4111 1717 4172 saeculi,
1764 4123 1926 4172 quem
1975 4123 2144 4171 quum
2179 4123 2227 4158 a.
2261 4107 2394 4157 1859
2428 4108 2566 4171 apud
2602 4107 2791 4173 Smyr·
