3050 4459
398 240 429 286 ε
565 240 625 301 ι,
661 240 741 289 25.
1295 238 1391 289 ΚΑ
1408 238 1493 290 TA
1535 237 1959 292 ΜΑΘΘΑΙΟΝ

397 374 780 442 συνεχομένους
832 376 924 427 καὶ
972 374 1439 442 δαιμονιζομένους
1490 375 1584 428 καί
1632 375 2100 442 σεληνιαζομένους
2147 375 2240 428 καὶ
2285 377 2712 442 παραλυτικούς,
2764 376 2863 430 καὶ

152 447 369 532 “fflfssjssq
399 457 755 525 ἐθεράπευσεν
797 458 1005 517 αὐτούς.
1058 463 1126 512 25
1169 460 1263 512 καὶ
1308 459 1691 527 ἠκολούθησαν
1732 460 1879 527 αὐτῷ
1915 460 2062 528 ὄχλοι
2095 460 2278 514 πολλοὶ
2313 460 2419 514 ἀπὸ
2454 467 2546 529 τῆς
2584 461 2862 519 Γαλιλαίας

399 543 492 595 καὶ
527 543 878 601 Δεκαπόλεως
912 543 1004 595 καί
1034 542 1432 610 Ἰεροσολύμων
1465 543 1560 596 καὶ
1591 544 1862 602 Ἰουδαίας
1896 545 1989 598 καί
2022 544 2188 613 πέραν
2225 552 2317 598 τοῦ
2349 545 2649 613 Ἰορδάνου.

1604 783 1664 833 V.

172 1000 231 1030 ικ.
252 1001 282 1030 ιε.
310 999 345 1029 ιτ
468 981 489 1031 1
539 977 705 1031 Ἰδὼν
750 977 810 1032 δὲ
856 977 977 1037 τοὺς
1023 979 1215 1046 ὄχλους
1260 978 1423 1047 ἀνέβη
1472 979 1548 1037 εἰς
1582 980 1640 1031 τὸ
1676 980 1815 1046 ὄρος·
1861 978 1955 1032 καὶ
1988 979 2311 1037 καθίσαντος
2345 978 2510 1031 αὐτοῦ
2543 980 2862 1048 προσῆλθαν

159 1081 210 1109 Ρ..
233 1079 284 1114 ιη,
309 1079 344 1109 11
404 1062 461 1113 οἶ
485 1061 724 1129 μαθηταὶ
757 1061 938 1114 αὐτοῦ.
985 1065 1018 1114 2
1049 1062 1142 1114 καί
1176 1062 1391 1124 ἀνοίξας
1426 1061 1484 1114 τὸ
1519 1064 1688 1129 στόμα
1722 1061 1886 1115 αὐτοῦ
1921 1061 2201 1114 ἐδίδασκεν
2230 1061 2425 1121 αὐτοὺς
2458 1063 2642 1132 λέγων·
2691 1068 2724 1116 3
2753 1085 2859 1131 μα-

135 1133 311 1220 ,ὧιᾍξο
326 1194 371 1216 Β,
405 1145 583 1212 κάριοι
628 1147 684 1198 οἷ
721 1154 932 1213 πραεῖς,
975 1148 1053 1198 ὅτι
1089 1146 1239 1199 αὐτοὶ
1274 1146 1772 1214 κληρονομήσουσιν
1807 1146 1901 1213 τὴν
1935 1153 2049 1214 γῆν.
2102 1150 2134 1199 4
2166 1146 2423 1214 μακάριοι
2459 1148 2515 1200 οἷ
2541 1149 2747 1216 πτωχοὶ
2783 1157 2861 1217 τῷ

400 1232 684 1297 πνεύματι,
727 1234 805 1284 ὅτι
851 1232 1031 1284 αὐτῶν
1075 1231 1214 1284 ἐστὶν
1260 1232 1294 1299 ἦ
1339 1233 1579 1300 βασιλεία
1616 1239 1724 1284 τῶν
1757 1231 2019 1298 οὐρανῶν.
2073 1235 2107 1284 5
2138 1231 2395 1299 μακάριοι
2430 1234 2486 1284 οἱ
2512 1234 2861 1298 πενθοῦντες,

404 1317 481 1368 ὅτι
515 1315 664 1369 αὐτοὶ
696 1316 1221 1384 παρακληθήσονται.
1257 1320 1290 1368 6
1321 1316 1579 1384 μακάριοι
1606 1320 1657 1368 οἱ
1679 1322 1960 1375 πεινῶντες
1985 1316 2077 1369 καὶ
2097 1317 2362 1384 διψῶντες
2378 1315 2473 1384 τὴν
2489 1318 2861 1386 δικαιοσύνην,

404 1402 481 1452 ὅτι
535 1400 685 1453 αὐτοὶ
733 1401 1204 1469 χορτασθήσονται.
1277 1404 1306 1453 7
1354 1400 1614 1468 μακάριοι
1666 1402 1720 1453 οἱ
1766 1400 2074 1469 ἐλεήμονες,
2134 1401 2214 1452 ὅτι
2264 1399 2415 1453 αὐτοὶ
2464 1400 2858 1469 ἐλεηθήσονται.

404 1489 436 1537 8
483 1485 741 1552 μακάριοι
791 1487 848 1538 οἱ
891 1484 1127 1552 καθαροὶ
1181 1493 1243 1552 τῇ
1289 1486 1516 1553 καρδίᾳ,
1564 1487 1642 1537 ὅτι
1688 1485 1838 1538 αὐτοὶ
1873 1485 1962 1538 τὸν
1996 1484 2126 1538 θεὸν
2158 1485 2398 1554 ὄψονται.
2451 1489 2484 1538 9
2515 1486 2773 1553 μακάριοι
2807 1488 2864 1538 οἱ

404 1570 754 1637 εἰρηνοποιοί,
788 1572 867 1623 ὅτι
901 1570 1051 1623 αὐτοὶ
1087 1570 1192 1623 υίοὶ
1227 1570 1361 1623 θεοῦ
1398 1570 1780 1638 κληθήσονται.
1832 1574 1899 1624 10
1931 1570 2189 1637 μακάριοι
2223 1572 2279 1622 οἱ
2307 1571 2648 1639 δεδιωγμένοι
2682 1571 2862 1624 ἕνεκεν

404 1655 772 1723 δικαιοσύνης,
823 1656 901 1707 ὅτι
952 1653 1132 1707 αὐτῶν
1183 1654 1322 1707 ἐστὶν
1367 1654 1400 1722 ἡ
1446 1655 1686 1723 βασιλεία
1733 1661 1841 1707 τῶν
1885 1654 2149 1721 οὐρανῶν.
2201 1658 2262 1708 11
2299 1653 2563 1721 μακάριοί
2588 1654 2702 1707 ἔστε
2735 1656 2862 1708 ὅταν

405 1739 732 1793 ὀνειδίσωσιν
778 1740 916 1806 ὑμᾶς
962 1739 1055 1792 καὶ
1090 1738 1361 1801 διώξωσιν
1393 1739 1487 1793 καί
1522 1741 1744 1792 εἴπωσιν
1777 1746 1882 1791 πᾶν
1914 1738 2150 1806 πονηρὸν
2182 1738 2313 1792 καθ’
2351 1739 2505 1806 ὑμῶν
2537 1739 2862 1807 ψευδόμενοι

404 1825 584 1876 ἕνεκεν
616 1823 765 1891 ἐμοῦ.
812 1828 878 1877 12
912 1825 1122 1892 χαίρετε
1156 1824 1248 1877 καὶ
1283 1824 1631 1892 ἀγαλλιᾶσθε,
1678 1826 1756 1876 ὅτι
1790 1825 1823 1876 ὅ
1853 1822 2050 1890 μισθὸς
2084 1823 2241 1890 ὑμῶν
2272 1823 2438 1882 πολὺς
2466 1823 2524 1875 ἐν
2558 1832 2664 1883 τοῖς
2697 1824 2860 1890 οὐρα-

403 1916 529 1967 νοῖς·
577 1909 749 1966 οὕτως
794 1908 894 1976 γὰρ
929 1908 1158 1970 ἐδίωξαν
1194 1907 1314 1967 τοὺς
1347 1909 1631 1977 προφήτας
1667 1908 1789 1967 τοὺς
1821 1908 1928 1975 πρὸ
1962 1909 2135 1975 ὑμῶν.
2182 1911 2251 1962 13
2278 1910 2458 1975 ’Υμεῖς
2492 1908 2607 1961 ἐστὲ
2640 1909 2699 1961 τὸ
2734 1909 2862 1968 ἅλας

406 2000 498 2061 τῆς
547 2000 660 2061 γῆς·
706 1993 799 2046 ἐὰν
841 1993 901 2046 δὲ
948 1993 1005 2045 τὸ
1040 1994 1170 2052 ἅλας
1202 1995 1505 2062 μωρανθῇ,
1554 1993 1612 2047 ἕν
1645 1995 1742 2046 τίνι
1779 1993 2154 2062 ἁλισθήσεται,·
2207 1995 2283 2051 εἰς
2317 1993 2474 2046 οὐδὲν
2507 1993 2675 2061 ἰσχύει
2709 1994 2781 2046 ἔτι
2815 1995 2867 2046 εἰ

404 2077 480 2146 μὴ
526 2078 729 2146 βληθὲν
774 2079 881 2140 ἔξω
927 2081 1345 2133 καταπατεῖσθαι
1394 2080 1497 2132 ὑπὸ
1537 2086 1646 2131 τῶν
1680 2079 2008 2146 ἀνθρώπιον.
2061 2081 2128 2132 14
2156 2080 2337 2145 ’Υμεΐς
2371 2077 2485 2130 ἐστὲ
2519 2078 2577 2130 τὸ
2612 2084 2733 2146 φῶς
2769 2086 2861 2130 τοῦ

406 2164 631 2230 κόσμου.
668 2164 733 2217 οὗ
768 2164 986 2216 δύναται
1018 2164 1169 2222 πόλις
1203 2165 1470 2232 κρυβῆναι
1505 2163 1686 2217 ἐπάνω
1711 2165 1872 2230 ὅρους
1894 2167 2128 2230 κειμένη·
2165 2165 2231 2216 15
2256 2161 2383 2215 οὐδὲ
2404 2163 2649 2215 καίουσιν
2670 2162 2864 2230 λύχνον

406 2249 498 2302 καὶ
535 2248 769 2302 τιθέασιν
801 2249 963 2301 αὐτὸν
998 2249 1101 2301 ὑπὸ
1137 2248 1226 2301 τὸν
1257 2250 1475 2316 μόδιον,
1520 2249 1630 2303 ἀλλ’
1670 2248 1754 2301 ἐπὶ
1792 2247 1886 2317 τὴν
1919 2248 2165 2316 λυχνίαν,
2211 2247 2303 2301 καὶ
2338 2247 2530 2314 λάμπει
2563 2255 2723 2300 πᾶσιν
2757 2255 2864 2305 τοῖς

406 2333 462 2385 ἐν
497 2341 557 2401 τῇ
595 2334 755 2400 οἰκίᾳ.
804 2336 870 2385 16
904 2333 1075 2391 οὕτως
1109 2333 1377 2401 λαμψάτω
1414 2333 1471 2386 τὸ
1507 2340 1630 2402 φῶς
1664 2334 1820 2400 ὑμῶν
1853 2333 2159 2400 ἔμπροσθεν
2192 2339 2300 2385 τῶν
2333 2332 2669 2399 ἀνθρώπων,
2714 2334 2864 2391 ὅπως

406 2419 592 2470 ἴδωσιν
626 2418 783 2485 ὑμῶν
817 2417 877 2470 τὰ
912 2417 1050 2470 καλὰ
1085 2419 1211 2485 ἔργα
1248 2419 1339 2471 καὶ
1376 2418 1679 2481 δοξάσωσιν
1713 2419 1802 2471 τόν
1834 2417 2034 2485 πατέρα
2069 2418 2225 2484 ὑμῶν
2258 2416 2346 2469 τὸν
2379 2416 2436 2469 ἐν
2464 2424 2570 2475 τοῖς
2597 2416 2862 2483 σι’·ρανοΐς.

407 2506 471 2556 17
522 2502 621 2571 AB]
673 2504 922 2571 νομίσητε
966 2504 1044 2554 ὅτι
1089 2502 1259 2571 ἦλθον
1304 2505 1596 2557 καταλῦσαι
1640 2503 1731 2557 τὸν
1775 2505 1940 2570 νόμον
1986 2503 2019 2571 ἢ
2067 2503 2187 2561 τοὺς
2217 2501 2516 2570 προφήτας·
2551 2501 2656 2554 οὐκ
2693 2501 2865 2570 ἦλθον

152 2615 211 2644 ιιι.
238 2614 285 2648 ιε,
312 2614 348 2643 ιτ
405 2588 696 2641 καταλῦσαι
741 2587 873 2641 ἀλλὰ
920 2589 1217 2656 πληρῶσαι.
1271 2591 1335 2642 18
1375 2587 1519 2657 ἀμὴν
1553 2588 1653 2657 γὰρ
1686 2588 1824 2656 λέγω
1859 2588 2012 2654 ὑμῖν,
2057 2588 2161 2645 ἕως
2196 2586 2262 2639 ἂν
2291 2585 2536 2654 παρέλθῃ
2572 2585 2604 2636 ὁ
2635 2585 2865 2653 οὐρανὸς

406 2672 499 2725 καὶ
547 2672 580 2741 ἡ
626 2680 722 2740 γῆ,
770 2675 901 2726 ἰῶτα
943 2674 998 2725 ἓν
1034 2673 1067 2740 ἢ
1102 2674 1200 2739 μία
1234 2674 1424 2740 κεραιά
1461 2673 1526 2725 ού
1560 2672 1637 2740 μὴ
1672 2671 1916 2739 παρέλθῃ
1952 2670 2057 2723 ἀπὸ
2094 2677 2185 2723 τοῦ
2219 2671 2411 2736 νόμου,
2457 2670 2562 2728 ἕως
2598 2669 2663 2722 ἂν
2696 2668 2865 2722 πάντα

407 2756 629 2825 γένηται.
676 2761 743 2811 19
787 2759 846 2817 ὃς
882 2758 945 2810 ἂν
980 2757 1077 2811 οὖν
1110 2757 1242 2828 λύσῃ
1276 2759 1404 2825 μίαν
1439 2763 1549 2810 τῶν
1581 2756 1810 2809 ἐντολῶν
1845 2756 2046 2807 τούτων
2080 2760 2188 2807 τῶν
2220 2753 2512 2820 ἐλαχίστων
2544 2754 2637 2807 καὶ
2673 2754 2864 2822 διδάξῃ

407 2842 579 2900 οὕτως
629 2842 747 2901 τοὺς
799 2842 1154 2910 ἀνθρώπους,
1205 2843 1475 2911 ἐλάχιστος
1521 2841 1848 2910 κληθήσεται
1893 2839 1951 2893 ἐν
1996 2847 2059 2907 τῇ
2091 2839 2328 2908 βασιλείᾳ
2362 2844 2472 2891 τῶν
2506 2838 2768 2905 οὐρανῶν·
2804 2839 2863 2896 ὃς

407 2927 456 2978 δ’
505 2926 570 2979 ἂν
613 2927 811 2995 ποιήσῃ
858 2928 951 2980 καὶ
986 2927 1207 2995 διδάξῃ,
1253 2926 1407 2986 οὗτος
1438 2927 1602 2994 μέγας
1636 2925 1962 2993 κληθήσεται
1997 2923 2054 2976 ἕν
2090 2931 2152 2990 τῇ
2184 2923 2421 2991 βασιλείᾳ
2457 2929 2565 2975 τῶν
2598 2922 2864 2989 οὐρανῶν.

407 3015 474 3064 ‘20
516 3011 653 3080 λέγω
699 3011 798 3080 γὰρ
846 3011 971 3077 ὑμῖν
1015 3013 1091 3064 ὅτι
1138 3010 1230 3064 ἐὰν
1268 3010 1345 3079 μὴ
1380 3011 1698 3078 περισσεύσῃ
1735 3010 1890 3076 ὑμῶν
1925 3008 1957 3077 ἡ
1994 3007 2305 3075 δικαιοσύνη
2340 3007 2521 3060 πλεῖον
2554 3013 2661 3059 τῶν
2693 3026 2865 3074 γραμ-

410 3278 476 3326 V:
524 3277 571 3327 1.
637 3274 949 3341 προσηλθον
998 3293 1121 3328 cum
1173 3273 1865 3330 xbfflcJDEKMSL'VfflH.
1919 3275 2042 3325 Post
2089 3269 2405 3337 προσηλθαν
2459 3271 2670 3336 plurimi
2714 3272 2866 3322 codd.

540 3359 756 3417 excepto
790 3354 840 3403 Β
873 3354 1079 3403 addunt
1110 3370 1273 3402 αυτω.
1315 3354 1395 3404 W.
1434 3354 1493 3402 H.
1531 3353 1738 3414 (αυτω).

407 3429 454 3494 4,
490 3430 535 3480 5.
586 3445 718 3493 μακ.
772 3446 821 3477 οι
871 3445 1055 3492 πραεις
1101 3435 1224 3478 ante
1265 3445 1397 3492 μακ.
1435 3445 1482 3476 οι
1517 3424 1671 3476 πενθ.
1708 3442 1830 3476 cum
1870 3427 1973 3490 CI),
2007 3424 2090 3488 33,
2125 3440 2172 3486 a,
2208 3440 2251 3489 e,
2289 3423 2370 3485 ss'l,
2405 3422 2480 3487 gl,
2519 3425 2571 3486 h,
2609 3424 2659 3486 k,
2695 3423 2729 3485 l,
2767 3438 2870 3487 vg„

538 3515 723 3571 symm.
772 3522 904 3568 μακ.
953 3521 1003 3554 οι
1041 3501 1196 3554 πενθ.
1244 3511 1368 3555 ante
1401 3520 1535 3566 μακ.
1573 3519 1621 3552 οι
1656 3520 1842 3566 πραεις
1876 3517 2000 3552 cum
2035 3496 2623 3563 aBGEKMSL'VJ‘AAE
2660 3499 2708 3562 b,
2743 3500 2778 3562 f,
2814 3515 2867 3564 q,

538 3579 730 3646 synssssh
770 3596 835 3630 en
872 3588 918 3642 Ρ,
952 3596 1060 3643 cop.
1097 3594 1230 3630 arm.
1267 3581 1409 3629 aeth.

437 3657 486 3708 9.
535 3673 685 3707 αυτοι
721 3673 844 3706 cum
878 3653 1389 3718 BEKMSL'VMII,
1425 3656 1461 3717 f,
1500 3655 1550 3717 k,
1586 3668 1690 3703 am.
1725 3663 1908 3719 symm,
1942 3656 2083 3703 aeth.

405 3733 485 3783 11.
537 3730 652 3782 καθ
704 3749 860 3795 υμων
913 3747 1003 3795 pro
1052 3748 1160 3780 παν
1208 3747 1443 3795 πονηρον
1494 3747 1617 3780 cum
1670 3732 1735 3792 D,
1789 3733 1841 3794 h,
1894 3732 1943 3790 k,
1998 3745 2068 3793 m,
2121 3731 2250 3792 flou,
2302 3737 2487 3792 syncu.
2541 3724 2865 3791 ψευδομενοι

405 3883 485 3933 13.
535 3815 810 3949 Ξλᾞθῖΐάῖ
841 3809 1107 3941 ξὲιδιοξίαι
1158 3900 1274 3933 κατ.
1325 3899 1448 3933 cum
1501 3878 2013 3931 DEKJrsL'tr'fflII.
2067 3880 2245 3930 Naber
2295 3880 2682 3944 (Mnemosyne,
2715 3877 2868 3942 1881,

542 3977 587 4023 p.
622 3959 744 4016 ⁴275)
781 3960 910 4023 legit
941 3956 1193 4023 μαρανθη
1232 3975 1321 4022 pro
1353 3956 1642 4022 μωρανθη.

406 4034 487 4083 17.
546 4034 963 4085 Νεεῑςοιῐ-Ηοτῐ
997 4036 1237 4085 scribunt
1269 4050 1446 4098 κερεα.

414 4109 487 4159 19.
540 4110 762 4160 Plurimi
797 4111 1000 4160 codices
1035 4115 1223 4176 legunt
1257 4127 1315 4165 ος
1350 4126 1458 4160 εαν.
