3050 4459
90 512 163 542 1001
180 510 209 550 ³,
228 508 353 554 1³08)

172 1106 219 1143 19,
243 1104 285 1136 15

141 1184 214 1217 ὅθι.
230 1184 282 1223 88,
305 1185 326 1215 ³

180 1664 229 1702 12,
255 1664 268 1695 1

178 1743 229 1781 u.
254 1745 271 1775 1

184 1798 215 1833 4.
236 1797 259 1828 ὅ

168 1851 219 1888 12,
244 1851 282 1881 11

185 1911 214 1947 5.
239 1913 259 1943 8

140 2000 206 2032 Ex.
231 1999 281 2037 15,
306 2001 319 2031 1

62 2050 351 2096 1¹2.11‹›(111).2

90 2108 150 2138 ιιι
167 2104 272 2150 (1⁴5),
299 2108 335 2138 ιτ

384 187 481 238 702
613 187 707 251 14,
740 188 820 238 15.
1156 185 1671 239 ΑΠΟΚΑΛΥΨΙΣ
1703 186 2060 239 [ΩΑΝΝΟΥ

380 323 497 376 υἱὸν
540 322 865 390 ἀνθρώπου,
909 323 1052 391 ἔχων
1095 322 1181 375 ἐπὶ
1223 329 1314 390 τῆς
1349 324 1591 391 κεφαλῆς
1624 323 1787 377 αὐτοῦ
1822 323 2084 392 στέφανον
2115 331 2352 392 χρυσοῦν
2385 324 2477 377 καὶ
2511 324 2568 377 ἐν
2603 333 2669 392 τῇ
2703 325 2850 394 χειρὶ

382 406 543 460 αὐτοῦ
595 407 857 475 δρέπανον
906 407 1020 470 ὀξύ.
1073 411 1139 461 15
1188 408 1281 460 καὶ
1326 408 1482 466 ἄλλος
1527 408 1743 476 ἄγγελος
1786 408 2011 476 ἐξῆλθεν
2054 408 2118 461 ἐκ
2167 416 2260 460 τοῦ
2306 415 2466 472 ναοῦ,
2515 409 2747 474 κράζων
2791 410 2853 463 ἐν

383 500 544 559 φωνῇ
576 493 776 560 μεγάλῃ
813 500 888 559 τῷ
921 492 1219 560 καθημένῳ
1254 492 1338 544 ἐπὶ
1362 500 1455 560 τῆς
1478 492 1720 561 νεφέλης·
1749 493 1969 560 πέμψον
1993 492 2049 545 τό
2072 492 2333 560 δρέπανόν
2355 513 2455 546 σου
2477 493 2570 546 καὶ
2595 493 2853 560 θέρισον,

382 577 460 628 ὅτι
510 576 676 643 ἦλθεν
718 577 753 644 ἡ
806 577 924 642 ὥρα
969 577 1209 643 θερίσαι,
1260 578 1339 628 ὅτι
1384 577 1658 644 ἐξηράνθη
1706 578 1738 628 ὁ
1779 576 2036 644 θερισμὸς
2070 584 2163 644 τῆς
2196 583 2307 644 γῆς.
2362 580 2429 630 16
2461 576 2554 629 καὶ
2589 577 2785 645 ἔβαλεν
2820 579 2856 630 o‘

380 660 691 727 καθήμενος
733 660 819 713 ἐπὶ
866 668 958 728 τῆς
1002 661 1228 728 νεφέλης
1263 661 1321 713 τὸ
1356 661 1619 728 δρέπανον
1651 661 1816 715 αὐτοῦ
1850 660 1935 713 ἐπὶ
1970 660 2065 729 τὴν
2097 668 2222 728 γῆν,
2258 660 2350 713 καὶ
2383 660 2643 727 ἐθερίσθη
2683 661 2722 729 ἧ
2760 669 2850 730 γῆ.

382 747 446 797 17
491 744 585 797 καὶ
631 744 786 803 ἄλλος
832 745 1047 812 ἄγγελος
1092 744 1320 813 ἐξῆλθεν
1364 746 1427 797 ἐκ
1471 753 1564 798 τοῦ
1598 752 1728 798 ναοῦ
1763 753 1855 798 τοῦ
1888 744 1945 797 ἐν
1980 753 2055 811 τῷ
2088 744 2334 812 οὐρανῷ,
2377 745 2518 813 ἔχων
2552 745 2646 798 καὶ
2679 746 2854 805 αὐτὸς

381 827 642 894 δρέπανον
674 828 788 890 ὀξύ.
841 831 906 882 18
940 828 1035 881 καὶ
1068 829 1225 887 ἄλλος
1259 828 1473 897 ἅγγελος
1506 828 1731 896 ἐξῆλθεν
1763 828 1828 882 ἐκ
1855 836 1948 881 τοῦ
1977 830 2390 896 θυσιαστηρίου,
2424 829 2565 896 ἔχων
2592 829 2855 891 ἐξουσίαν

380 911 465 965 ἐπὶ
500 919 591 965 τοῦ
624 913 824 979 πυρός,
857 913 951 966 καὶ
984 912 1266 981 ἐφώνησεν
1301 921 1462 981 φωνῇ
1496 913 1696 980 μεγάλῃ
1733 922 1807 980 τῷ
1840 914 2013 981 ἔχοντι
2048 912 2105 965 τὸ
2138 912 2400 981 δρέπανον
2433 913 2491 965 τὸ
2525 913 2623 974 ὀξὺ
2651 913 2850 982 λέγων*

378 997 597 1065 πέμψον
629 1017 727 1050 σου
762 999 820 1050 τὸ
854 998 1116 1065 δρέπανον
1148 998 1207 1050 τὸ
1241 997 1339 1059 ὀξὺ
1375 998 1468 1052 καὶ
1503 997 1762 1066 τρύγησον
1797 996 1918 1056 τοὺς
1950 998 2180 1065 βότρυας
2213 1005 2306 1065 τῆς
2335 997 2570 1064 ἀμπέλω*
2597 1006 2690 1066 τῆς
2713 1006 2818 1067 γῆς
2833 1041 2852 1063 ,

380 1083 457 1134 ὅτι
503 1083 755 1149 ἤκμασαν
799 1083 859 1135 αἶ
887 1083 1149 1150 σταφυλαὶ
1184 1082 1365 1149 αὐτῆς.
1420 1085 1485 1135 19
1520 1083 1614 1135 καὶ
1648 1082 1833 1150 ἔβαλεν
1866 1082 1899 1133 ὅ
1931 1082 2146 1150 ἄγγελος
2179 1082 2237 1134 τὸ
2273 1082 2533 1149 δρέπανον
2563 1082 2733 1136 αὐτοῦ
2769 1084 2853 1142 εἰς

381 1164 475 1233 τὴν
507 1174 633 1233 γῆν,
668 1166 760 1219 καὶ
792 1166 1076 1234 ἐτρύγησεν
1109 1165 1204 1234 τὴν
1238 1167 1475 1233 ἄμπελον
1509 1173 1602 1234 τῆς
1635 1174 1731 1233 γῆς
1765 1166 1858 1218 καὶ
1894 1165 2080 1234 ἔβαλεν
2112 1166 2187 1225 εἷς
2220 1165 2316 1234 τὴν
2346 1166 2506 1233 ληνὸν
2534 1173 2625 1218 τοῦ
2655 1167 2852 1233 θυμοῦ

381 1256 472 1302 τοῦ
520 1251 651 1303 θεοῦ
698 1249 786 1302 τὸν
828 1251 1007 1318 μέγαν.
1061 1254 1129 1304 20
1172 1251 1265 1303 καὶ
1311 1250 1553 1318 ἐπατήθη
1592 1250 1623 1317 ἦ
1660 1250 1816 1317 ληνὸς
1850 1250 2058 1312 ἔξωθεν
2091 1257 2185 1318 τῆς
2215 1251 2450 1315 πόλεως,
2484 1252 2577 1303 καὶ
2611 1250 2853 1319 ἐξῆλθεν

381 1333 511 1400 αἷμα
543 1334 606 1387 ἐκ
644 1342 736 1402 τῆς
768 1335 930 1402 ληνοῦ
965 1336 1090 1402 ἄχρι
1126 1341 1231 1387 τῶν
1265 1335 1497 1402 χαλινῶν
1531 1341 1638 1386 τῶν
1672 1336 1875 1398 ἵππων,
1908 1335 2013 1388 ἀπὸ
2048 1336 2279 1388 σταδίων
2305 1335 2492 1402 χιλίων
2520 1336 2846 1397 ἑξακοσίων.

1551 1503 1656 1552 XV.

446 1641 469 1691 1
525 1636 631 1690 Καὶ
675 1635 818 1690 εἶδον
862 1636 987 1688 ἄλλο
1035 1644 1251 1703 σημεῖον
1294 1635 1351 1688 ἒν
1386 1643 1460 1703 τῷ
1494 1636 1711 1703 οὐρανῷ
1744 1636 1879 1702 μέγα
1913 1635 2004 1689 καὶ
2039 1637 2377 1702 θαυμαστόν,
2423 1635 2671 1703 ἀγγέλους
2706 1636 2841 1690 ἑπτὰ

379 1723 594 1791 ἔχοντας
642 1720 843 1788 πληγὰς
892 1720 1021 1773 ἔπτὰ
1072 1720 1162 1779 τὰς
1211 1720 1461 1788 ἐσχάτας,
1511 1722 1588 1773 ὅτι
1639 1720 1696 1772 ἐν
1740 1720 1921 1779 αὐταῖς
1964 1720 2211 1788 ἐτελέσθη
2258 1721 2289 1772 ὁ
2333 1721 2508 1786 θυμὸς
2556 1728 2648 1773 τοῦ
2685 1721 2841 1773 θεοῦ.

378 1811 410 1861 2
461 1806 553 1859 καὶ
603 1804 744 1858 εἶὸον
795 1806 871 1863 ὡς
921 1805 1195 1858 θάλασσαν
1243 1805 1462 1872 ὑαλίνην
1505 1804 1831 1872 μεμιγμένην
1862 1806 2018 1872 πυρί,
2067 1804 2161 1857 καὶ
2195 1803 2318 1862 τοὺς
2351 1811 2609 1862 νικῶντας
2643 1804 2707 1857 ἐκ
2747 1814 2843 1859 τοῦ

380 1892 575 1959 θηρίου
612 1890 703 1942 καὶ
738 1889 801 1943 ἐκ
836 1897 928 1959 τῆς
961 1890 1168 1947 εἰκόνος
1201 1889 1365 1942 αὐτοῦ
1401 1890 1493 1942 καὶ
1527 1889 1591 1941 ἐκ
1628 1896 1718 1941 τοῦ
1754 1889 1992 1955 ἀριθμοῦ
2023 1896 2114 1941 τοῦ
2138 1889 2393 1956 ὀνόματος
2417 1888 2580 1941 αὐτοῦ
2605 1888 2842 1949 ἑστῶτας

379 1975 463 2028 ε’πὶ
514 1976 608 2044 τὴν
658 1975 932 2027 θάλασσαν
979 1973 1073 2042 τὴν
1118 1974 1339 2042 ὑαλίνην
1351 2014 1366 2037 ,
1418 1974 1633 2041 ἔχοντας
1679 1972 1912 2041 κιθάρας
1959 1980 2049 2025 τοῦ
2095 1974 2242 2025 θεοῦ.
2295 1976 2328 2025 3
2362 1973 2454 2025 καὶ
2489 1974 2710 2041 ᾄδουσιν
2743 1973 2844 2042 τὴν

380 2058 528 2127 ᾠδὴν
574 2059 825 2118 ΔΜωσέως
873 2065 963 2111 τοῦ
1000 2059 1194 2111 δούλου
1231 2065 1323 2111 τοῦ
1357 2058 1489 2110 θεοῦ
1524 2058 1617 2110 καὶ
1653 2058 1746 2125 τὴν
1781 2057 1930 2125 ᾠδὴν
1965 2064 2057 2110 τοῦ
2092 2057 2307 2125 ἀρνίου,
2350 2057 2598 2125 λέγοντες·
2634 2058 2840 2125 μεγάλα

381 2145 473 2197 καὶ
520 2143 803 2209 θαυμαστὰ
851 2143 911 2195 τὰ
954 2144 1080 2210 ἔργα
1126 2162 1252 2205 σου,
1298 2141 1452 2208 κύριε
1500 2142 1531 2193 ὁ
1565 2141 1689 2200 θεὸς
1724 2143 1756 2194 ὁ
1786 2141 2188 2208 παντοκράτωρ·
2225 2143 2424 2195 δίκαιαι
2459 2141 2551 2194 καὶ
2584 2142 2841 2209 ἀληθιναὶ

382 2320 461 2370 15.
514 2337 568 2368 εν
603 2337 741 2383 φων.
774 2316 956 2384 μεγαλ.
993 2334 1116 2370 cum
1152 2319 1374 2376 &ACPQ
1408 2332 1489 2381 vg.
1546 2319 1745 2368 Textus
1779 2323 2036 2382 receptus,
2072 2319 2374 2381 Griesbach,
2409 2319 2594 2369 Scholz
2627 2335 2686 2367 εν
2717 2336 2839 2384 μεγ.

516 2412 693 2460 φωνη.
738 2420 805 2431 -—
848 2412 926 2444 οτι
973 2391 1138 2459 ηλθεν
1183 2395 1297 2444 sine
1337 2409 1419 2443 σοι
1455 2410 1577 2444 eum
1613 2396 1686 2446 uA
1701 2395 1834 2453 GPQ
1868 2411 1949 2458 vg.
2001 2396 2164 2445 Addit
2193 2410 2276 2443 σοι
2315 2394 2394 2444 7³⁶.
2462 2392 2672 2456 θερισαι
2709 2412 2839 2447 eum

514 2471 701 2529 ACPQ
745 2471 1006 2521 Andpmn.
1046 2471 1165 2519 Are.
1246 2486 1338 2518 του
1386 2466 1595 2533 θερισαι
1640 2486 1761 2520 eum
1797 2469 1880 2532 29,
1913 2470 1995 2535 49,
2028 2469 2112 2532 91,
2144 2468 2228 2533 93,
2263 2469 2348 2532 96,
2385 2471 2515 2519 item
2551 2482 2601 2531 κ,
2635 2469 2704 2519 38
2739 2487 2840 2521 του

513 2545 790 2610 θερισμοῦ.
860 2547 1148 2610 Syr,gwynn
1182 2546 1385 2596 omittit
1417 2562 1493 2593 οτι
1530 2543 1799 2609 εξηρανθη
1836 2562 1865 2594 ο
1898 2543 2151 2608 θερισμος
2187 2562 2278 2609 της
2311 2562 2421 2610 γης.

380 2623 461 2673 16.
511 2638 595 2671 επι
644 2639 734 2685 της
779 2618 1003 2686 νεφελης
1051 2637 1171 2672 cum
1214 2621 1313 2684 κΑ,
1347 2618 1465 2683 16⁴⁶,
1497 2619 1580 2679 36,
1615 2619 1696 2681 38,
1731 2621 1811 2683 47,
1846 2620 1928 2685 97,
1965 2619 2291 2671 And.⁸l³b²v·
2357 2637 2440 2670 sm
2477 2637 2572 2683 την
2605 2618 2842 2687 νεφελην

512 2714 635 2748 cum
674 2698 763 2747 GP
795 2699 957 2747 And.c
994 2699 1112 2747 Are.
1146 2723 1212 2732 --
1250 2697 1291 2754 Q
1324 2712 1407 2743 επι
1445 2712 1505 2758 τη
1541 2694 1752 2759 νεφελη.

379 2774 459 2825 18.
510 2770 734 2835 εξηλθεν
767 2789 888 2823 cum
925 2772 1110 2830 xCPQ.
1168 2772 1441 2822 Omittunt
1473 2773 1517 2820 A
1557 2770 1798 2821 And,bav.
1827 2788 1930 2822 am.
1969 2774 2041 2822 fu.
2120 2787 2264 2836 εχων
2296 2773 2411 2821 sine
2444 2772 2672 2822 articulo
2707 2789 2836 2825 cum

513 2850 642 2907 *PQ
675 2850 808 2899 And.
844 2849 960 2899 Are.
1029 2864 1060 2897 ο
1093 2864 1237 2911 εχων
1272 2863 1392 2897 curn
1431 2847 1525 2896 AC
1556 2857 1849 2911 sypgwyuu,
1904 2848 2076 2898 Etiam
2114 2862 2195 2909 vg.
2231 2848 2328 2910 qui
2366 2848 2534 2910 habet,
2569 2848 2701 2898 item
2727 2865 2839 2914 syr.

511 2941 791 2988 εφωνησεν
824 2926 937 2974 sine
970 2941 1026 2972 εν
1060 2939 1183 2973 eum
1219 2922 1294 2974 &A
1309 2922 1456 2980 GPQ.
1494 2948 1559 2957 -
1592 2922 1641 2985 6,
1679 2922 1724 2985 7,
1760 2922 1808 2986 8,
1843 2923 1924 2986 14,
1958 2923 2040 2986 29,
2076 2922 2239 2972 Ands:
2278 2924 2397 2972 Ave.
2434 2924 2641 2973 addunt
2672 2940 2746 2973 εν.
2767 2950 2840 2960 ·-

512 3016 672 3064 φωνη
719 3016 842 3050 cum
883 3000 1027 3057 8210.
1108 3014 1316 3061 κραυγη
1352 3013 1475 3047 cum
1514 2997 1602 3047 GP
1634 3005 1767 3061 copt-
1802 3000 2061 3048 And.0m11-
2091 2998 2209 3046 Are.
2279 3013 2528 3060 ηκμασαν
2563 3000 2628 3057 (Α
2670 3000 2841 3063 ηχμ-)

510 3093 563 3125 αι
609 3072 869 3138 σταφυλαι
915 3091 1038 3125 cum
1078 3074 1269 3137 uAGP,
1303 3073 1351 3122 1.
1420 3088 1661 3135 ηκμασεν
1695 3090 1728 3135 η
1766 3070 2005 3138 σταφυλη
2043 3089 2164 3123 cum
2205 3073 2248 3131 Q
2281 3074 2443 3123 Antis:
2482 3074 2598 3122 Are.
2668 3091 2840 3139 αυτης

510 3168 633 3201 cum
668 3151 857 3214 ⁸ACP,
890 3150 939 3200 1.
1008 3167 1099 3213 της
1133 3165 1229 3212 γης
1264 3164 1385 3198 cum
1427 3149 1482 3211 Q,
1518 3149 1566 3209 7,
1601 3165 1706 3213 syr.
1743 3152 1887 3201 Ande
1925 3152 2043 3201 Are.

377 3226 457 3277 19.
508 3244 583 3282 εις
618 3243 710 3289 την
743 3223 902 3289 ληνον
936 3223 1001 3287 (Α
1040 3222 1274 3279 αλωναν)
1309 3230 1364 3273 et
1398 3241 1486 3272 τον
1517 3241 1682 3288 μεγαν
1715 3240 1837 3277 cum
1873 3226 2075 3288 ACPQ
2109 3224 2158 3287 6,
2193 3225 2242 3286 8,
2276 3225 2356 3274 14.
2434 3242 2509 3280 εις
2545 3242 2638 3288 την
2670 3223 2841 3291 ληνον

484 3310 565 3353 ·et
610 3318 705 3365 την
749 3298 981 3365 μεγαλην
1027 3317 1149 3351 cum
1197 3313 1246 3363 κ,
1283 3299 1329 3363 7,
1364 3298 1446 3363 28,
1480 3297 1562 3361 35,
1600 3298 1678 3362 79,
1711 3298 1794 3363 95,
1831 3302 2091 3351 And.acp.
2144 3302 2280 3352 Item
2314 3301 2361 3364 1,
2396 3301 2478 3365 91,
2512 3301 2595 3361 94,
2629 3301 2713 3365 97,
2747 3302 2836 3367 98,

511 3376 751 3428 And,bav.
781 3394 854 3432 εις
890 3393 977 3425 τον
1010 3373 1168 3440 ληνον
1205 3382 1259 3424 et
1294 3391 1380 3423 τον
1412 3390 1594 3438 μεγαν.

374 3455 457 3505 20.
509 3451 716 3513 εξωθεν
749 3468 871 3503 cum
908 3453 1097 3510 ACPQ
1131 3468 1260 3502 arm.
1296 3452 1459 3501 Ands:
1497 3451 1704 3500 Aresxtn
1769 3448 1877 3508 εξω
1902 3466 2025 3501 cum
2053 3464 2101 3513 κ,
2126 3451 2174 3516 1,
2197 3451 2278 3515 28,
2304 3451 2387 3513 38,
2407 3450 2487 3515 79,
2509 3450 2838 3502 Andsspbss'·

510 3533 749 3581 Aresom·
829 3545 934 3577 απο
982 3525 1242 3577 σταὸιων.·
1288 3535 1569 3591 synsswb'ssss
1615 3542 1699 3573 επι
1745 3523 1989 3576 σταδιων.
2031 3552 2097 3561 -
2130 3525 2316 3591 χιλιων
2350 3526 2515 3587 (am.*
2548 3526 2673 3589 om.)
2707 3526 2834 3585 εξο-

509 3622 710 3655 κοσιων
745 3603 852 3667 (κ’,
886 3604 969 3667 26,
1004 3611 1283 3667 syr-‚gwynn
1317 3600 1630 3661 ὄιακοσιων)
1665 3617 1789 3652 cum
1823 3602 2040 3655 eoAGP.
2095 3603 2229 3653 Item
2269 3603 2326 3667 Q,
2360 3603 2394 3652 6
2427 3598 2531 3664 αχ’.
2566 3628 2633 3636 -
2665 3602 2838 3651 And.a

509 3679 610 3746 χιλ.
645 3678 793 3738 εξακ.
831 3679 907 3739 εξ,
942 3682 1071 3731 item
1109 3678 1173 3728 79
1206 3674 1340 3740 αχς’.

380 3759 494 3807 XV:
543 3760 591 3806 ⁶2.
644 3772 904 3810 νικωντας
939 3771 1061 3805 cum
1097 3754 1291 3810 xAPQ.
1358 3768 1636 3806 νικουντας
1669 3767 1792 3803 cum
1831 3753 1885 3802 C.
1954 3770 2018 3802 εκ
2055 3770 2147 3803 του
2182 3750 2420 3816 αριθμου
2456 3768 2578 3803 cum
2606 3752 2840 3813 »ACPQ

512 3848 590 3897 vg.
645 3833 1005 3882 Praemittunt
1050 3847 1111 3878 εκ
1162 3845 1252 3878 του
1298 3844 1633 3892 χαραγματος
1680 3844 1842 3877 αυτου
1890 3828 1937 3890 1,
1971 3829 2053 3893 35,
2087 3828 2171 3891 36,
2206 3828 2271 3877 79
2305 3826 2418 3889 (sed
2455 3828 2502 3890 1,
2539 3828 2671 3877 And.
2711 3829 2838 3879 Are.

508 3909 715 3957 addunt
748 3923 839 3955 και
876 3911 993 3969 post
1026 3903 1229 3965 αυτου).

410 3983 456 4031 3.
507 3999 598 4031 του
636 3979 828 4030 ὃουλου
865 3997 985 4031 cum
1024 3982 1173 4041 uAP,
1209 3980 1257 4043 1,
1293 3978 1376 4041 28,
1410 3977 1492 4043 38,
1526 3978 1608 4041 91,
1642 3977 1725 4042 96,
1760 3978 2021 4028 And.0¹11n·
2080 3977 2355 4028 omittunt
2388 3994 2478 4026 του
2517 3978 2574 4040 Q,
2611 3979 2732 4028 Are.
2769 4005 2838 4014 —

510 4058 799 4121 Syngwynu
850 4057 979 4119 legit
1028 4062 1143 4119 post
1189 4070 1604 4118 παντοκρατωρ.·
1653 4051 1834 4103 δικαια
1887 4069 1980 4101 και
2032 4050 2260 4117 αληθινα
2310 4070 2370 4101 τα
2419 4069 2547 4117 εργα
2601 4069 2716 4103 σου.
2767 4080 2836 4090 ——-

3005 652 3014 785 Ι
