<?xml version="1.0" encoding="UTF-8"?>
<!DOCTYPE html PUBLIC "-//W3C//DTD XHTML 1.0 Transitional//EN"
    "http://www.w3.org/TR/xhtml1/DTD/xhtml1-transitional.dtd">
<html xmlns="http://www.w3.org/1999/xhtml" xml:lang="en" lang="en">
 <head>
  <title>
</title>
<meta http-equiv="Content-Type" content="text/html;charset=utf-8" />
  <meta name='ocr-system' content='tesseract 3.04.00' />
  <meta name='ocr-capabilities' content='ocr_page ocr_carea ocr_par ocr_line ocrx_word'/>
</head>
<body>
  <div class='ocr_page' id='page_1' title='image "./novumtestamentu00baljgoog_0493.png"; bbox 0 0 3050 4459; ppageno 0'>
   <div class='ocr_carea' id='block_1_1' title="bbox 1191 241 2644 309">
    <p class='ocr_par' dir='ltr' id='par_1_1' title="bbox 1191 241 2644 309">
     <span class='ocr_line' id='line_1_1' title="bbox 1191 241 2644 309; baseline -0.001 -15"><span class='ocrx_word' id='word_1_1' title='bbox 1191 241 1551 296; x_wconf 77' lang='grc' dir='ltr'><em>ΙΩΑΝΝΟΥ</em></span> <span class='ocrx_word' id='word_1_2' title='bbox 1576 242 1640 294; x_wconf 82' lang='lat' dir='ltr'><strong><em>A&#39;</em></strong></span> <span class='ocrx_word' id='word_1_3' title='bbox 2233 244 2294 309; x_wconf 75' lang='grc' dir='ltr'><strong><em>ι,</em></strong></span> <span class='ocrx_word' id='word_1_4' title='bbox 2334 244 2408 294; x_wconf 90' lang='lat'><strong><em>10.</em></strong></span> <span class='ocrx_word' id='word_1_5' title='bbox 2546 244 2644 294; x_wconf 82' lang='lat'><strong><em>455</em></strong></span> 
     </span>
    </p>
   </div>
   <div class='ocr_carea' id='block_1_2' title="bbox 2265 331 2452 338">
    <p class='ocr_par' dir='ltr' id='par_1_2' title="bbox 2265 331 2452 338">
     <span class='ocr_line' id='line_1_2' title="bbox 2265 331 2452 338; baseline 0 0"><span class='ocrx_word' id='word_1_6' title='bbox 2265 331 2452 338; x_wconf 95' lang='lat' dir='ltr'><strong><em> </em></strong></span> 
     </span>
    </p>
   </div>
   <div class='ocr_carea' id='block_1_3' title="bbox 1783 331 2642 338">
    <p class='ocr_par' dir='ltr' id='par_1_3' title="bbox 1783 331 2642 338">
     <span class='ocr_line' id='line_1_3' title="bbox 1783 331 2642 338; baseline 0 0"><span class='ocrx_word' id='word_1_7' title='bbox 1783 331 1954 338; x_wconf 69' lang='lat'>——-——</span> <span class='ocrx_word' id='word_1_8' title='bbox 2457 332 2642 338; x_wconf 79' lang='lat'><em>--—-—</em></span> 
     </span>
    </p>
   </div>
   <div class='ocr_carea' id='block_1_4' title="bbox 1961 330 2232 338">
    <p class='ocr_par' dir='ltr' id='par_1_4' title="bbox 1961 330 2232 338">
     <span class='ocr_line' id='line_1_4' title="bbox 1961 330 2232 338; baseline 0 0"><span class='ocrx_word' id='word_1_9' title='bbox 1961 330 2232 338; x_wconf 95' lang='lat' dir='ltr'><strong><em> </em></strong></span> 
     </span>
    </p>
   </div>
   <div class='ocr_carea' id='block_1_5' title="bbox 181 378 2907 616">
    <p class='ocr_par' dir='ltr' id='par_1_5' title="bbox 181 378 2907 616">
     <span class='ocr_line' id='line_1_5' title="bbox 185 378 2907 447; baseline -0 -16"><span class='ocrx_word' id='word_1_10' title='bbox 185 380 300 438; x_wconf 87' lang='grc' dir='ltr'><strong><em>τίας</em></strong></span> <span class='ocrx_word' id='word_1_11' title='bbox 346 379 531 447; x_wconf 79' lang='grc' dir='ltr'><strong><em>ἡμῶν,</em></strong></span> <span class='ocrx_word' id='word_1_12' title='bbox 577 380 757 437; x_wconf 88' lang='grc' dir='ltr'><strong><em>πιστός</em></strong></span> <span class='ocrx_word' id='word_1_13' title='bbox 802 378 941 431; x_wconf 77' lang='grc' dir='ltr'><strong><em>ἔστιν</em></strong></span> <span class='ocrx_word' id='word_1_14' title='bbox 985 379 1077 432; x_wconf 85' lang='grc' dir='ltr'><strong><em>καὶ</em></strong></span> <span class='ocrx_word' id='word_1_15' title='bbox 1112 379 1349 442; x_wconf 74' lang='grc' dir='ltr'><strong><em>δίκαιος,</em></strong></span> <span class='ocrx_word' id='word_1_16' title='bbox 1395 381 1477 431; x_wconf 80' lang='grc' dir='ltr'><strong><em>ἴνα</em></strong></span> <span class='ocrx_word' id='word_1_17' title='bbox 1513 379 1632 446; x_wconf 80' lang='grc' dir='ltr'><strong><em>ἀφῇ</em></strong></span> <span class='ocrx_word' id='word_1_18' title='bbox 1668 380 1795 446; x_wconf 84' lang='grc' dir='ltr'><strong><em>ἡμῖν</em></strong></span> <span class='ocrx_word' id='word_1_19' title='bbox 1828 379 1920 438; x_wconf 87' lang='grc' dir='ltr'><strong><em>τὰς</em></strong></span> <span class='ocrx_word' id='word_1_20' title='bbox 1953 379 2210 446; x_wconf 82' lang='grc' dir='ltr'><strong><em>ἁμαρτίας</em></strong></span> <span class='ocrx_word' id='word_1_21' title='bbox 2244 378 2336 431; x_wconf 82' lang='grc' dir='ltr'><strong><em>καὶ</em></strong></span> <span class='ocrx_word' id='word_1_22' title='bbox 2371 379 2642 447; x_wconf 71' lang='grc' dir='ltr'><strong><em>καθαρίσῃ</em></strong></span> <span class='ocrx_word' id='word_1_23' title='bbox 2703 393 2844 436; x_wconf 49' lang='lat' dir='ltr'><strong><em>mana,</em></strong></span> <span class='ocrx_word' id='word_1_24' title='bbox 2867 400 2907 431; x_wconf 66' lang='grc' dir='ltr'><strong><em>ιι</em></strong></span> 
     </span>
     <span class='ocr_line' id='line_1_6' title="bbox 183 461 2882 549; baseline -0 -33"><span class='ocrx_word' id='word_1_25' title='bbox 183 463 329 532; x_wconf 80' lang='grc' dir='ltr'><strong><em>ἡμᾶς</em></strong></span> <span class='ocrx_word' id='word_1_26' title='bbox 379 462 485 516; x_wconf 79' lang='grc' dir='ltr'><strong><em>ἀπὸ</em></strong></span> <span class='ocrx_word' id='word_1_27' title='bbox 533 462 707 531; x_wconf 84' lang='grc' dir='ltr'><strong><em>πάσης</em></strong></span> <span class='ocrx_word' id='word_1_28' title='bbox 758 463 983 522; x_wconf 80' lang='grc' dir='ltr'><strong><em>ἀδικίας.</em></strong></span> <span class='ocrx_word' id='word_1_29' title='bbox 1038 467 1104 517; x_wconf 87' lang='grc'><strong><em>10</em></strong></span> <span class='ocrx_word' id='word_1_30' title='bbox 1148 462 1241 515; x_wconf 75' lang='grc' dir='ltr'><strong><em>ἐὰν</em></strong></span> <span class='ocrx_word' id='word_1_31' title='bbox 1284 464 1518 529; x_wconf 67' lang='grc' dir='ltr'><strong><em>εὗτωμεν</em></strong></span> <span class='ocrx_word' id='word_1_32' title='bbox 1551 465 1629 516; x_wconf 85' lang='grc' dir='ltr'><strong><em>ὅτι</em></strong></span> <span class='ocrx_word' id='word_1_33' title='bbox 1665 463 1765 532; x_wconf 83' lang='grc' dir='ltr'><strong><em>οὐχ</em></strong></span> <span class='ocrx_word' id='word_1_34' title='bbox 1801 463 2213 531; x_wconf 80' lang='grc' dir='ltr'><strong><em>ἡμαρτήκαμεν,</em></strong></span> <span class='ocrx_word' id='word_1_35' title='bbox 2258 462 2495 531; x_wconf 79' lang='grc' dir='ltr'><strong><em>ψεύστην</em></strong></span> <span class='ocrx_word' id='word_1_36' title='bbox 2526 482 2644 515; x_wconf 86' lang='grc' dir='ltr'><strong><em>ποι·</em></strong></span> <span class='ocrx_word' id='word_1_37' title='bbox 2712 461 2882 549; x_wconf 40' lang='grc' dir='ltr'><strong><em>,οῗ-ὅῗζκ</em></strong></span> 
     </span>
     <span class='ocr_line' id='line_1_7' title="bbox 181 547 1724 616; baseline 0 -17"><span class='ocrx_word' id='word_1_38' title='bbox 181 554 351 614; x_wconf 81' lang='grc' dir='ltr'><strong><em>οῦμεν</em></strong></span> <span class='ocrx_word' id='word_1_39' title='bbox 385 547 572 611; x_wconf 81' lang='grc' dir='ltr'><strong><em>αὐτόν,</em></strong></span> <span class='ocrx_word' id='word_1_40' title='bbox 607 547 699 600; x_wconf 86' lang='grc' dir='ltr'><strong><em>καὶ</em></strong></span> <span class='ocrx_word' id='word_1_41' title='bbox 735 548 767 598; x_wconf 78' lang='grc' dir='ltr'>ὁ</span> <span class='ocrx_word' id='word_1_42' title='bbox 798 548 950 616; x_wconf 80' lang='grc' dir='ltr'><em>λόγος</em></span> <span class='ocrx_word' id='word_1_43' title='bbox 983 547 1148 601; x_wconf 77' lang='grc' dir='ltr'><strong><em>αὐτοῦ</em></strong></span> <span class='ocrx_word' id='word_1_44' title='bbox 1182 548 1285 600; x_wconf 80' lang='grc' dir='ltr'><strong><em>οὐκ</em></strong></span> <span class='ocrx_word' id='word_1_45' title='bbox 1321 548 1458 600; x_wconf 84' lang='grc' dir='ltr'><strong><em>ἔστιν</em></strong></span> <span class='ocrx_word' id='word_1_46' title='bbox 1491 547 1548 600; x_wconf 76' lang='grc' dir='ltr'><strong><em>ἐν</em></strong></span> <span class='ocrx_word' id='word_1_47' title='bbox 1583 547 1724 615; x_wconf 79' lang='grc' dir='ltr'><strong><em>ἡμῖν.</em></strong></span> 
     </span>
    </p>
   </div>
   <div class='ocr_carea' id='block_1_6' title="bbox 1378 752 1443 801">
    <p class='ocr_par' dir='ltr' id='par_1_6' title="bbox 1378 752 1443 801">
     <span class='ocr_line' id='line_1_8' title="bbox 1378 752 1443 801; baseline 0 0"><span class='ocrx_word' id='word_1_48' title='bbox 1378 752 1443 801; x_wconf 87' lang='grc' dir='ltr'><strong><em>ΙΙ.</em></strong></span> 
     </span>
    </p>
   </div>
   <div class='ocr_carea' id='block_1_7' title="bbox 177 919 2900 2687">
    <p class='ocr_par' dir='ltr' id='par_1_7' title="bbox 180 919 2900 1663">
     <span class='ocr_line' id='line_1_9' title="bbox 253 919 2889 988; baseline -0 -16"><span class='ocrx_word' id='word_1_49' title='bbox 253 924 282 972; x_wconf 98' lang='grc'><strong>1</strong></span> <span class='ocrx_word' id='word_1_50' title='bbox 332 920 517 973; x_wconf 83' lang='grc' dir='ltr'><strong><em>Τεκνία</em></strong></span> <span class='ocrx_word' id='word_1_51' title='bbox 550 941 685 987; x_wconf 80' lang='grc' dir='ltr'><strong><em>μου,</em></strong></span> <span class='ocrx_word' id='word_1_52' title='bbox 721 928 879 974; x_wconf 78' lang='grc' dir='ltr'><strong><em>ταῦτα</em></strong></span> <span class='ocrx_word' id='word_1_53' title='bbox 915 919 1109 988; x_wconf 80' lang='grc' dir='ltr'><strong><em>γράφω</em></strong></span> <span class='ocrx_word' id='word_1_54' title='bbox 1144 920 1268 987; x_wconf 76' lang='grc' dir='ltr'><strong><em>ὑμῖν</em></strong></span> <span class='ocrx_word' id='word_1_55' title='bbox 1302 922 1385 973; x_wconf 79' lang='grc' dir='ltr'><strong><em>ἵνα</em></strong></span> <span class='ocrx_word' id='word_1_56' title='bbox 1418 920 1494 988; x_wconf 88' lang='grc' dir='ltr'><strong><em>μὴ</em></strong></span> <span class='ocrx_word' id='word_1_57' title='bbox 1532 920 1812 988; x_wconf 82' lang='grc' dir='ltr'><strong><em>ἁμάρτητε.</em></strong></span> <span class='ocrx_word' id='word_1_58' title='bbox 1850 921 1942 973; x_wconf 80' lang='grc' dir='ltr'><strong><em>καὶ</em></strong></span> <span class='ocrx_word' id='word_1_59' title='bbox 1976 920 2068 973; x_wconf 77' lang='grc' dir='ltr'><strong><em>ἐάν</em></strong></span> <span class='ocrx_word' id='word_1_60' title='bbox 2096 941 2169 978; x_wconf 89' lang='grc' dir='ltr'><strong><em>τις</em></strong></span> <span class='ocrx_word' id='word_1_61' title='bbox 2201 920 2437 988; x_wconf 84' lang='grc' dir='ltr'><strong><em>ἁμάρτῃ,</em></strong></span> <span class='ocrx_word' id='word_1_62' title='bbox 2470 919 2641 986; x_wconf 86' lang='grc' dir='ltr'><strong><em>παρά·</em></strong></span> <span class='ocrx_word' id='word_1_63' title='bbox 2700 940 2748 972; x_wconf 83' lang='lat'><strong><em>10.</em></strong></span> <span class='ocrx_word' id='word_1_64' title='bbox 2773 941 2823 978; x_wconf 70' lang='grc' dir='ltr'><strong><em>ιι,</em></strong></span> <span class='ocrx_word' id='word_1_65' title='bbox 2849 940 2889 971; x_wconf 70' lang='lat' dir='ltr'>m</span> 
     </span>
     <span class='ocr_line' id='line_1_10' title="bbox 183 1004 2847 1073; baseline 0.001 -16"><span class='ocrx_word' id='word_1_66' title='bbox 183 1005 385 1072; x_wconf 85' lang='grc' dir='ltr'><strong><em>κλητον</em></strong></span> <span class='ocrx_word' id='word_1_67' title='bbox 418 1005 606 1073; x_wconf 78' lang='grc' dir='ltr'><strong><em>ἔχομεν</em></strong></span> <span class='ocrx_word' id='word_1_68' title='bbox 637 1005 772 1071; x_wconf 86' lang='grc' dir='ltr'><strong><em>πρὸς</em></strong></span> <span class='ocrx_word' id='word_1_69' title='bbox 806 1006 896 1059; x_wconf 83' lang='grc' dir='ltr'><strong><em>τὸν</em></strong></span> <span class='ocrx_word' id='word_1_70' title='bbox 927 1004 1155 1073; x_wconf 81' lang='grc' dir='ltr'><strong><em>πατέρα,</em></strong></span> <span class='ocrx_word' id='word_1_71' title='bbox 1186 1005 1396 1073; x_wconf 80' lang='grc' dir='ltr'>Ἰησοῦν</span> <span class='ocrx_word' id='word_1_72' title='bbox 1426 1005 1659 1072; x_wconf 82' lang='grc' dir='ltr'><strong><em>Χριστὸν</em></strong></span> <span class='ocrx_word' id='word_1_73' title='bbox 1688 1005 1776 1058; x_wconf 81' lang='grc' dir='ltr'><strong><em>τὸν</em></strong></span> <span class='ocrx_word' id='word_1_74' title='bbox 1804 1006 2030 1059; x_wconf 76' lang='grc' dir='ltr'><strong><em>δίκαιον·</em></strong></span> <span class='ocrx_word' id='word_1_75' title='bbox 2066 1008 2099 1058; x_wconf 87' lang='grc'><strong><em>2</em></strong></span> <span class='ocrx_word' id='word_1_76' title='bbox 2127 1004 2220 1058; x_wconf 77' lang='grc' dir='ltr'><strong><em>καὶ</em></strong></span> <span class='ocrx_word' id='word_1_77' title='bbox 2244 1004 2401 1063; x_wconf 82' lang='grc' dir='ltr'><strong><em>αὐτὸς</em></strong></span> <span class='ocrx_word' id='word_1_78' title='bbox 2427 1005 2643 1070; x_wconf 76' lang='grc' dir='ltr'><strong><em>ἱλασμός</em></strong></span> <span class='ocrx_word' id='word_1_79' title='bbox 2750 1031 2781 1064; x_wconf 78' lang='grc' dir='ltr'><strong><em>ι.</em></strong></span> <span class='ocrx_word' id='word_1_80' title='bbox 2807 1029 2847 1060; x_wconf 83' lang='grc' dir='ltr'><strong><em>ιο</em></strong></span> 
     </span>
     <span class='ocr_line' id='line_1_11' title="bbox 181 1081 2900 1158; baseline -0.001 -16"><span class='ocrx_word' id='word_1_81' title='bbox 181 1090 325 1142; x_wconf 76' lang='grc' dir='ltr'><strong><em>ἔστιν</em></strong></span> <span class='ocrx_word' id='word_1_82' title='bbox 368 1090 485 1157; x_wconf 82' lang='grc' dir='ltr'><strong><em>περὶ</em></strong></span> <span class='ocrx_word' id='word_1_83' title='bbox 530 1097 636 1142; x_wconf 86' lang='grc' dir='ltr'><strong><em>τῶν</em></strong></span> <span class='ocrx_word' id='word_1_84' title='bbox 682 1090 955 1157; x_wconf 79' lang='grc' dir='ltr'><strong><em>ἁμαρτιῶν</em></strong></span> <span class='ocrx_word' id='word_1_85' title='bbox 1001 1090 1186 1157; x_wconf 81' lang='grc' dir='ltr'><strong><em>ἡμῶν,</em></strong></span> <span class='ocrx_word' id='word_1_86' title='bbox 1233 1089 1296 1142; x_wconf 84' lang='grc' dir='ltr'><strong><em>οὐ</em></strong></span> <span class='ocrx_word' id='word_1_87' title='bbox 1341 1090 1461 1157; x_wconf 77' lang='grc' dir='ltr'><strong><em>περὶ</em></strong></span> <span class='ocrx_word' id='word_1_88' title='bbox 1499 1097 1604 1142; x_wconf 86' lang='grc' dir='ltr'><strong><em>τῶν</em></strong></span> <span class='ocrx_word' id='word_1_89' title='bbox 1639 1089 1912 1158; x_wconf 74' lang='grc' dir='ltr'><strong><em>ἡμετέρων</em></strong></span> <span class='ocrx_word' id='word_1_90' title='bbox 1944 1089 2003 1142; x_wconf 82' lang='grc' dir='ltr'><strong><em>δὲ</em></strong></span> <span class='ocrx_word' id='word_1_91' title='bbox 2034 1091 2199 1156; x_wconf 86' lang='grc' dir='ltr'><strong><em>μόνον</em></strong></span> <span class='ocrx_word' id='word_1_92' title='bbox 2232 1089 2362 1142; x_wconf 85' lang='grc' dir='ltr'><strong><em>ἀλλὰ</em></strong></span> <span class='ocrx_word' id='word_1_93' title='bbox 2396 1088 2488 1140; x_wconf 85' lang='grc' dir='ltr'><strong><em>καὶ</em></strong></span> <span class='ocrx_word' id='word_1_94' title='bbox 2520 1087 2639 1156; x_wconf 82' lang='grc' dir='ltr'><strong><em>περὶ</em></strong></span> <span class='ocrx_word' id='word_1_95' title='bbox 2673 1082 2722 1114; x_wconf 82' lang='lat'><strong><em>¹⁰·</em></strong></span> <span class='ocrx_word' id='word_1_96' title='bbox 2745 1081 2852 1118; x_wconf 78' lang='lat'>¹¹¹⁵¹</span> <span class='ocrx_word' id='word_1_97' title='bbox 2873 1093 2900 1114; x_wconf 75' lang='lat'><strong><em>⁸·</em></strong></span> 
     </span>
     <span class='ocr_line' id='line_1_12' title="bbox 182 1172 2639 1242; baseline -0.001 -15"><span class='ocrx_word' id='word_1_98' title='bbox 182 1175 315 1227; x_wconf 82' lang='grc' dir='ltr'><strong><em>ὅλοι·</em></strong></span> <span class='ocrx_word' id='word_1_99' title='bbox 368 1182 456 1227; x_wconf 86' lang='grc' dir='ltr'><strong><em>τοῦ</em></strong></span> <span class='ocrx_word' id='word_1_100' title='bbox 508 1175 733 1242; x_wconf 82' lang='grc' dir='ltr'><strong><em>κόσμου.</em></strong></span> <span class='ocrx_word' id='word_1_101' title='bbox 784 1178 817 1228; x_wconf 87' lang='grc'><strong>3</strong></span> <span class='ocrx_word' id='word_1_102' title='bbox 867 1175 959 1228; x_wconf 88' lang='grc' dir='ltr'><strong><em>καί</em></strong></span> <span class='ocrx_word' id='word_1_103' title='bbox 1010 1174 1066 1227; x_wconf 78' lang='grc' dir='ltr'><strong><em>ἓν</em></strong></span> <span class='ocrx_word' id='word_1_104' title='bbox 1118 1175 1288 1240; x_wconf 85' lang='grc' dir='ltr'><strong><em>τούτῳ</em></strong></span> <span class='ocrx_word' id='word_1_105' title='bbox 1334 1175 1665 1242; x_wconf 79' lang='grc' dir='ltr'><strong><em>γινώσκομεν</em></strong></span> <span class='ocrx_word' id='word_1_106' title='bbox 1709 1176 1786 1227; x_wconf 86' lang='grc' dir='ltr'><strong><em>ὅτι</em></strong></span> <span class='ocrx_word' id='word_1_107' title='bbox 1832 1174 2141 1242; x_wconf 75' lang='grc' dir='ltr'><strong><em>ἐγνώκαμεν</em></strong></span> <span class='ocrx_word' id='word_1_108' title='bbox 2185 1174 2373 1238; x_wconf 78' lang='grc' dir='ltr'><strong><em>αὐτόν,</em></strong></span> <span class='ocrx_word' id='word_1_109' title='bbox 2424 1172 2514 1226; x_wconf 74' lang='grc' dir='ltr'><strong><em>ἐὰν</em></strong></span> <span class='ocrx_word' id='word_1_110' title='bbox 2550 1172 2639 1231; x_wconf 88' lang='grc' dir='ltr'><strong><em>τὰς</em></strong></span> 
     </span>
     <span class='ocr_line' id='line_1_13' title="bbox 180 1257 2887 1327; baseline 0 -17"><span class='ocrx_word' id='word_1_111' title='bbox 180 1258 397 1317; x_wconf 71' lang='grc' dir='ltr'><strong><em>ἐντολὰς</em></strong></span> <span class='ocrx_word' id='word_1_112' title='bbox 438 1258 602 1311; x_wconf 84' lang='grc' dir='ltr'><strong><em>αὐτοῦ</em></strong></span> <span class='ocrx_word' id='word_1_113' title='bbox 652 1266 910 1326; x_wconf 83' lang='grc' dir='ltr'><strong><em>τηρῶμεν.</em></strong></span> <span class='ocrx_word' id='word_1_114' title='bbox 963 1263 995 1311; x_wconf 81' lang='lat'><strong>4</strong></span> <span class='ocrx_word' id='word_1_115' title='bbox 1030 1260 1062 1310; x_wconf 85' lang='grc' dir='ltr'>ὁ</span> <span class='ocrx_word' id='word_1_116' title='bbox 1093 1258 1261 1327; x_wconf 77' lang='grc' dir='ltr'><strong><em>λέγων</em></strong></span> <span class='ocrx_word' id='word_1_117' title='bbox 1295 1260 1373 1312; x_wconf 81' lang='grc' dir='ltr'><strong><em>ὅτι</em></strong></span> <span class='ocrx_word' id='word_1_118' title='bbox 1407 1259 1618 1327; x_wconf 79' lang='grc' dir='ltr'><strong><em>ἔγνωκα</em></strong></span> <span class='ocrx_word' id='word_1_119' title='bbox 1653 1259 1841 1324; x_wconf 83' lang='grc' dir='ltr'><strong><em>αὐτόν,</em></strong></span> <span class='ocrx_word' id='word_1_120' title='bbox 1874 1258 1966 1311; x_wconf 87' lang='grc' dir='ltr'><strong><em>καὶ</em></strong></span> <span class='ocrx_word' id='word_1_121' title='bbox 2002 1258 2092 1317; x_wconf 87' lang='grc' dir='ltr'><strong><em>τὰς</em></strong></span> <span class='ocrx_word' id='word_1_122' title='bbox 2125 1257 2335 1316; x_wconf 75' lang='grc' dir='ltr'><strong><em>ἐντολὰς</em></strong></span> <span class='ocrx_word' id='word_1_123' title='bbox 2367 1257 2529 1311; x_wconf 76' lang='grc' dir='ltr'><strong><em>αὐτοῦ</em></strong></span> <span class='ocrx_word' id='word_1_124' title='bbox 2564 1257 2639 1325; x_wconf 89' lang='grc' dir='ltr'><strong><em>μὴ</em></strong></span> <span class='ocrx_word' id='word_1_125' title='bbox 2699 1267 2748 1298; x_wconf 87' lang='lat'><strong><em>¹⁰·</em></strong></span> <span class='ocrx_word' id='word_1_126' title='bbox 2773 1266 2822 1301; x_wconf 82' lang='lat'><strong><em>¹⁵·</em></strong></span> <span class='ocrx_word' id='word_1_127' title='bbox 2849 1267 2887 1296; x_wconf 85' lang='lat'><strong><em>¹⁰</em></strong></span> 
     </span>
     <span class='ocr_line' id='line_1_14' title="bbox 184 1319 2847 1412; baseline -0 -16"><span class='ocrx_word' id='word_1_128' title='bbox 184 1350 395 1412; x_wconf 85' lang='grc' dir='ltr'><strong><em>τηρῶν,</em></strong></span> <span class='ocrx_word' id='word_1_129' title='bbox 428 1343 662 1411; x_wconf 78' lang='grc' dir='ltr'><strong><em>ψεύστης</em></strong></span> <span class='ocrx_word' id='word_1_130' title='bbox 695 1344 859 1407; x_wconf 82' lang='grc' dir='ltr'><strong><em>ἐστίν,</em></strong></span> <span class='ocrx_word' id='word_1_131' title='bbox 894 1344 988 1396; x_wconf 85' lang='grc' dir='ltr'><strong><em>καὶ</em></strong></span> <span class='ocrx_word' id='word_1_132' title='bbox 1020 1344 1076 1396; x_wconf 80' lang='grc' dir='ltr'><strong><em>ἐν</em></strong></span> <span class='ocrx_word' id='word_1_133' title='bbox 1110 1344 1279 1410; x_wconf 84' lang='grc' dir='ltr'><strong><em>τούτῳ</em></strong></span> <span class='ocrx_word' id='word_1_134' title='bbox 1315 1344 1348 1412; x_wconf 83' lang='grc' dir='ltr'><em>ἦ</em></span> <span class='ocrx_word' id='word_1_135' title='bbox 1383 1344 1610 1412; x_wconf 76' lang='grc' dir='ltr'><strong><em>ἀλήθεια</em></strong></span> <span class='ocrx_word' id='word_1_136' title='bbox 1644 1344 1745 1397; x_wconf 83' lang='grc' dir='ltr'><strong><em>οὐκ</em></strong></span> <span class='ocrx_word' id='word_1_137' title='bbox 1781 1344 1932 1397; x_wconf 82' lang='grc' dir='ltr'><strong><em>ἔστιν·</em></strong></span> <span class='ocrx_word' id='word_1_138' title='bbox 1970 1348 2002 1396; x_wconf 82' lang='lat'>5</span> <span class='ocrx_word' id='word_1_139' title='bbox 2036 1344 2095 1402; x_wconf 80' lang='grc' dir='ltr'><strong><em>ὃς</em></strong></span> <span class='ocrx_word' id='word_1_140' title='bbox 2130 1343 2179 1396; x_wconf 83' lang='grc' dir='ltr'><strong><em>δ’</em></strong></span> <span class='ocrx_word' id='word_1_141' title='bbox 2216 1343 2280 1396; x_wconf 76' lang='grc' dir='ltr'><strong><em>ἄν</em></strong></span> <span class='ocrx_word' id='word_1_142' title='bbox 2316 1350 2449 1410; x_wconf 83' lang='grc' dir='ltr'><strong><em>τηρῇ</em></strong></span> <span class='ocrx_word' id='word_1_143' title='bbox 2478 1342 2642 1395; x_wconf 84' lang='grc' dir='ltr'><strong><em>αὐτοῦ</em></strong></span> <span class='ocrx_word' id='word_1_144' title='bbox 2749 1319 2847 1406; x_wconf 46' lang='lat'><strong><em>21³3</em></strong></span> 
     </span>
     <span class='ocr_line' id='line_1_15' title="bbox 183 1425 2884 1514; baseline -0.001 -34"><span class='ocrx_word' id='word_1_145' title='bbox 183 1427 278 1480; x_wconf 86' lang='grc' dir='ltr'><strong><em>τὸν</em></strong></span> <span class='ocrx_word' id='word_1_146' title='bbox 309 1427 491 1495; x_wconf 87' lang='grc' dir='ltr'><strong><em>λόγον,</em></strong></span> <span class='ocrx_word' id='word_1_147' title='bbox 524 1427 745 1496; x_wconf 71' lang='grc' dir='ltr'><strong><em>ἀληθῶς</em></strong></span> <span class='ocrx_word' id='word_1_148' title='bbox 779 1427 835 1480; x_wconf 76' lang='grc' dir='ltr'><strong><em>ἓν</em></strong></span> <span class='ocrx_word' id='word_1_149' title='bbox 871 1428 1040 1494; x_wconf 86' lang='grc' dir='ltr'><strong><em>τούτῳ</em></strong></span> <span class='ocrx_word' id='word_1_150' title='bbox 1075 1428 1108 1496; x_wconf 88' lang='grc' dir='ltr'>ἡ</span> <span class='ocrx_word' id='word_1_151' title='bbox 1145 1428 1320 1496; x_wconf 82' lang='grc' dir='ltr'><strong><em>ἀγάπη</em></strong></span> <span class='ocrx_word' id='word_1_152' title='bbox 1356 1435 1447 1480; x_wconf 83' lang='grc' dir='ltr'><strong><em>τοῦ</em></strong></span> <span class='ocrx_word' id='word_1_153' title='bbox 1483 1429 1614 1481; x_wconf 76' lang='grc' dir='ltr'><strong><em>θεοῦ</em></strong></span> <span class='ocrx_word' id='word_1_154' title='bbox 1652 1428 1983 1481; x_wconf 82' lang='grc' dir='ltr'><strong><em>τετελείωται.</em></strong></span> <span class='ocrx_word' id='word_1_155' title='bbox 2019 1428 2075 1480; x_wconf 78' lang='grc' dir='ltr'><strong><em>ἐν</em></strong></span> <span class='ocrx_word' id='word_1_156' title='bbox 2111 1428 2279 1494; x_wconf 87' lang='grc' dir='ltr'><strong><em>τούτῳ</em></strong></span> <span class='ocrx_word' id='word_1_157' title='bbox 2312 1427 2643 1494; x_wconf 78' lang='grc' dir='ltr'><strong><em>γινώσκομεν</em></strong></span> <span class='ocrx_word' id='word_1_158' title='bbox 2697 1426 2748 1514; x_wconf 54' lang='lat'><strong><em>{2-</em></strong></span> <span class='ocrx_word' id='word_1_159' title='bbox 2769 1425 2884 1510; x_wconf 43' lang='grc' dir='ltr'><strong><em>ξδ’-ἓ</em></strong></span> 
     </span>
     <span class='ocr_line' id='line_1_16' title="bbox 182 1510 2886 1580; baseline -0.001 -16"><span class='ocrx_word' id='word_1_160' title='bbox 182 1514 263 1564; x_wconf 82' lang='grc' dir='ltr'><strong><em>ὅτι</em></strong></span> <span class='ocrx_word' id='word_1_161' title='bbox 299 1512 355 1564; x_wconf 75' lang='grc' dir='ltr'><strong><em>ἐν</em></strong></span> <span class='ocrx_word' id='word_1_162' title='bbox 389 1511 531 1580; x_wconf 66' lang='grc' dir='ltr'><strong><em>αὐτῷ</em></strong></span> <span class='ocrx_word' id='word_1_163' title='bbox 563 1512 736 1577; x_wconf 78' lang='grc' dir='ltr'><strong><em>ἐσμέν.</em></strong></span> <span class='ocrx_word' id='word_1_164' title='bbox 789 1516 821 1564; x_wconf 89' lang='grc'><strong><em>6</em></strong></span> <span class='ocrx_word' id='word_1_165' title='bbox 855 1514 887 1563; x_wconf 85' lang='grc' dir='ltr'>ὁ</span> <span class='ocrx_word' id='word_1_166' title='bbox 907 1511 1073 1580; x_wconf 76' lang='grc' dir='ltr'><strong><em>λέγων</em></strong></span> <span class='ocrx_word' id='word_1_167' title='bbox 1097 1510 1153 1564; x_wconf 81' lang='grc' dir='ltr'><strong><em>ἔν</em></strong></span> <span class='ocrx_word' id='word_1_168' title='bbox 1177 1511 1324 1579; x_wconf 80' lang='grc' dir='ltr'><strong><em>αὐτῷ</em></strong></span> <span class='ocrx_word' id='word_1_169' title='bbox 1347 1511 1520 1579; x_wconf 80' lang='grc' dir='ltr'><strong><em>μένειν</em></strong></span> <span class='ocrx_word' id='word_1_170' title='bbox 1546 1512 1742 1580; x_wconf 76' lang='grc' dir='ltr'><strong><em>ὀφείλει</em></strong></span> <span class='ocrx_word' id='word_1_171' title='bbox 1758 1553 1771 1576; x_wconf 91' lang='grc'><strong><em>,</em></strong></span> <span class='ocrx_word' id='word_1_172' title='bbox 1803 1511 1995 1571; x_wconf 74' lang='grc' dir='ltr'><strong><em>καθὼς</em></strong></span> <span class='ocrx_word' id='word_1_173' title='bbox 2018 1512 2219 1570; x_wconf 76' lang='grc' dir='ltr'><strong><em>ἐκεῖνος</em></strong></span> <span class='ocrx_word' id='word_1_174' title='bbox 2241 1511 2641 1578; x_wconf 81' lang='grc' dir='ltr'><strong><em>περιεπάτησεν,</em></strong></span> <span class='ocrx_word' id='word_1_175' title='bbox 2697 1533 2747 1563; x_wconf 78' lang='lat'><strong><em>10.</em></strong></span> <span class='ocrx_word' id='word_1_176' title='bbox 2771 1533 2820 1568; x_wconf 66' lang='grc' dir='ltr'><strong><em>ιε,</em></strong></span> <span class='ocrx_word' id='word_1_177' title='bbox 2847 1532 2886 1563; x_wconf 77' lang='lat'><strong><em>15</em></strong></span> 
     </span>
     <span class='ocr_line' id='line_1_17' title="bbox 181 1595 817 1663; baseline 0 -15"><span class='ocrx_word' id='word_1_178' title='bbox 181 1596 280 1649; x_wconf 79' lang='grc' dir='ltr'><strong><em>καὶ</em></strong></span> <span class='ocrx_word' id='word_1_179' title='bbox 314 1595 472 1656; x_wconf 82' lang='grc' dir='ltr'><strong><em>αὐτὸς</em></strong></span> <span class='ocrx_word' id='word_1_180' title='bbox 504 1605 817 1663; x_wconf 83' lang='grc' dir='ltr'><strong><em>περιπατεῖν.</em></strong></span> 
     </span>
    </p>

    <p class='ocr_par' dir='ltr' id='par_1_8' title="bbox 179 1665 2887 2339">
     <span class='ocr_line' id='line_1_18' title="bbox 256 1665 2872 1752; baseline -0 -19"><span class='ocrx_word' id='word_1_181' title='bbox 256 1683 284 1733; x_wconf 86' lang='lat'><strong>7</strong></span> <span class='ocrx_word' id='word_1_182' title='bbox 316 1680 614 1748; x_wconf 77' lang='grc' dir='ltr'><strong><em>Ἀγαπητοί,</em></strong></span> <span class='ocrx_word' id='word_1_183' title='bbox 653 1681 754 1734; x_wconf 79' lang='grc' dir='ltr'><strong><em>οὐκ</em></strong></span> <span class='ocrx_word' id='word_1_184' title='bbox 790 1681 1005 1749; x_wconf 75' lang='grc' dir='ltr'><strong><em>ἐντολὴν</em></strong></span> <span class='ocrx_word' id='word_1_185' title='bbox 1037 1680 1229 1750; x_wconf 85' lang='grc' dir='ltr'><strong><em>καινὴν</em></strong></span> <span class='ocrx_word' id='word_1_186' title='bbox 1262 1680 1456 1748; x_wconf 85' lang='grc' dir='ltr'><strong><em>γράφω</em></strong></span> <span class='ocrx_word' id='word_1_187' title='bbox 1496 1682 1644 1748; x_wconf 67' lang='grc' dir='ltr'><strong><em>ὑμῖν,</em></strong></span> <span class='ocrx_word' id='word_1_188' title='bbox 1691 1681 1798 1734; x_wconf 82' lang='grc' dir='ltr'><strong><em>ἀλλ’</em></strong></span> <span class='ocrx_word' id='word_1_189' title='bbox 1837 1681 2051 1749; x_wconf 76' lang='grc' dir='ltr'><strong><em>ἐντολὴν</em></strong></span> <span class='ocrx_word' id='word_1_190' title='bbox 2082 1681 2335 1744; x_wconf 85' lang='grc' dir='ltr'><strong><em>παλαιάν,</em></strong></span> <span class='ocrx_word' id='word_1_191' title='bbox 2382 1682 2449 1748; x_wconf 87' lang='grc' dir='ltr'><strong><em>ἣν</em></strong></span> <span class='ocrx_word' id='word_1_192' title='bbox 2480 1682 2642 1750; x_wconf 79' lang='grc' dir='ltr'><strong><em>εἴχετε</em></strong></span> <span class='ocrx_word' id='word_1_193' title='bbox 2696 1665 2872 1752; x_wconf 42' lang='grc' dir='ltr'><strong><em>ζιὶοξῖζ,</em></strong></span> 
     </span>
     <span class='ocr_line' id='line_1_19' title="bbox 181 1764 2886 1834; baseline 0 -16"><span class='ocrx_word' id='word_1_194' title='bbox 181 1764 274 1818; x_wconf 75' lang='grc' dir='ltr'><strong><em>ἀπ’</em></strong></span> <span class='ocrx_word' id='word_1_195' title='bbox 314 1764 500 1833; x_wconf 76' lang='grc' dir='ltr'><strong><em>ἀρχῆς·</em></strong></span> <span class='ocrx_word' id='word_1_196' title='bbox 536 1765 569 1833; x_wconf 83' lang='grc' dir='ltr'>ἡ</span> <span class='ocrx_word' id='word_1_197' title='bbox 604 1765 785 1834; x_wconf 77' lang='grc' dir='ltr'><strong><em>ἐντολὴ</em></strong></span> <span class='ocrx_word' id='word_1_198' title='bbox 822 1765 855 1834; x_wconf 83' lang='grc' dir='ltr'><em>ἦ</em></span> <span class='ocrx_word' id='word_1_199' title='bbox 890 1765 1086 1818; x_wconf 82' lang='grc' dir='ltr'><strong><em>παλαιά</em></strong></span> <span class='ocrx_word' id='word_1_200' title='bbox 1119 1766 1256 1819; x_wconf 78' lang='grc' dir='ltr'><strong><em>ἔστιν</em></strong></span> <span class='ocrx_word' id='word_1_201' title='bbox 1291 1766 1323 1816; x_wconf 83' lang='grc' dir='ltr'>ὁ</span> <span class='ocrx_word' id='word_1_202' title='bbox 1353 1765 1506 1833; x_wconf 84' lang='grc' dir='ltr'><strong><em>λόγος</em></strong></span> <span class='ocrx_word' id='word_1_203' title='bbox 1541 1767 1602 1818; x_wconf 83' lang='grc' dir='ltr'><strong><em>ὃν</em></strong></span> <span class='ocrx_word' id='word_1_204' title='bbox 1637 1765 1915 1832; x_wconf 84' lang='grc' dir='ltr'><strong><em>ἠκούσατε.</em></strong></span> <span class='ocrx_word' id='word_1_205' title='bbox 1969 1768 2003 1818; x_wconf 89' lang='grc'><strong><em>8</em></strong></span> <span class='ocrx_word' id='word_1_206' title='bbox 2028 1765 2183 1818; x_wconf 83' lang='grc' dir='ltr'><strong><em>πάλιν</em></strong></span> <span class='ocrx_word' id='word_1_207' title='bbox 2211 1765 2425 1834; x_wconf 74' lang='grc' dir='ltr'><strong><em>ἐντολὴν</em></strong></span> <span class='ocrx_word' id='word_1_208' title='bbox 2451 1764 2642 1833; x_wconf 86' lang='grc' dir='ltr'><strong><em>καινὴν</em></strong></span> <span class='ocrx_word' id='word_1_209' title='bbox 2698 1780 2746 1811; x_wconf 84' lang='lat'><strong><em>1⁰·</em></strong></span> <span class='ocrx_word' id='word_1_210' title='bbox 2773 1781 2822 1816; x_wconf 73' lang='lat'><strong><em>18.</em></strong></span> <span class='ocrx_word' id='word_1_211' title='bbox 2847 1782 2886 1810; x_wconf 68' lang='lat'><strong><em>³⁴</em></strong></span> 
     </span>
     <span class='ocr_line' id='line_1_20' title="bbox 181 1848 2640 1919; baseline 0 -17"><span class='ocrx_word' id='word_1_212' title='bbox 181 1848 382 1917; x_wconf 87' lang='grc' dir='ltr'><strong><em>γράφω</em></strong></span> <span class='ocrx_word' id='word_1_213' title='bbox 430 1849 580 1916; x_wconf 75' lang='grc' dir='ltr'><strong><em>ὑμῖν,</em></strong></span> <span class='ocrx_word' id='word_1_214' title='bbox 631 1852 668 1902; x_wconf 82' lang='grc' dir='ltr'><em>ὅ</em></span> <span class='ocrx_word' id='word_1_215' title='bbox 707 1850 845 1902; x_wconf 78' lang='grc' dir='ltr'><strong><em>ἐστιν</em></strong></span> <span class='ocrx_word' id='word_1_216' title='bbox 887 1848 1084 1918; x_wconf 71' lang='grc' dir='ltr'><strong><em>ἀληθὲς</em></strong></span> <span class='ocrx_word' id='word_1_217' title='bbox 1131 1850 1187 1902; x_wconf 78' lang='grc' dir='ltr'><strong><em>ἐν</em></strong></span> <span class='ocrx_word' id='word_1_218' title='bbox 1226 1850 1373 1917; x_wconf 79' lang='grc' dir='ltr'><strong><em>αὐτῷ</em></strong></span> <span class='ocrx_word' id='word_1_219' title='bbox 1408 1850 1500 1903; x_wconf 82' lang='grc' dir='ltr'><strong><em>καὶ</em></strong></span> <span class='ocrx_word' id='word_1_220' title='bbox 1535 1850 1591 1902; x_wconf 77' lang='grc' dir='ltr'><strong><em>ἐν</em></strong></span> <span class='ocrx_word' id='word_1_221' title='bbox 1627 1851 1776 1916; x_wconf 77' lang='grc' dir='ltr'><strong><em>ὑμῖν,</em></strong></span> <span class='ocrx_word' id='word_1_222' title='bbox 1827 1851 1905 1902; x_wconf 84' lang='grc' dir='ltr'><strong><em>ὅτι</em></strong></span> <span class='ocrx_word' id='word_1_223' title='bbox 1941 1851 1972 1918; x_wconf 81' lang='grc' dir='ltr'><strong><em>ἦ</em></strong></span> <span class='ocrx_word' id='word_1_224' title='bbox 2009 1851 2194 1904; x_wconf 88' lang='grc' dir='ltr'><strong><em>σκοτία</em></strong></span> <span class='ocrx_word' id='word_1_225' title='bbox 2227 1850 2511 1919; x_wconf 79' lang='grc' dir='ltr'><strong><em>παράγεται</em></strong></span> <span class='ocrx_word' id='word_1_226' title='bbox 2547 1850 2640 1903; x_wconf 81' lang='grc' dir='ltr'><strong><em>καὶ</em></strong></span> 
     </span>
     <span class='ocr_line' id='line_1_21' title="bbox 183 1933 2846 2003; baseline 0 -18"><span class='ocrx_word' id='word_1_227' title='bbox 183 1933 245 1985; x_wconf 84' lang='grc' dir='ltr'><strong><em>τὸ</em></strong></span> <span class='ocrx_word' id='word_1_228' title='bbox 299 1940 420 2001; x_wconf 85' lang='grc' dir='ltr'><strong><em>φῶς</em></strong></span> <span class='ocrx_word' id='word_1_229' title='bbox 472 1934 529 1986; x_wconf 84' lang='grc' dir='ltr'><strong><em>τὸ</em></strong></span> <span class='ocrx_word' id='word_1_230' title='bbox 578 1934 833 2003; x_wconf 71' lang='grc' dir='ltr'><strong><em>ἀληθινὸν</em></strong></span> <span class='ocrx_word' id='word_1_231' title='bbox 880 1935 983 2002; x_wconf 80' lang='grc' dir='ltr'><strong><em>ἤδη</em></strong></span> <span class='ocrx_word' id='word_1_232' title='bbox 1033 1936 1222 2003; x_wconf 81' lang='grc' dir='ltr'><strong><em>φαίνει.</em></strong></span> <span class='ocrx_word' id='word_1_233' title='bbox 1274 1940 1307 1986; x_wconf 81' lang='grc'><strong><em>9</em></strong></span> <span class='ocrx_word' id='word_1_234' title='bbox 1353 1935 1384 1986; x_wconf 81' lang='grc' dir='ltr'>ὁ</span> <span class='ocrx_word' id='word_1_235' title='bbox 1415 1934 1585 2003; x_wconf 82' lang='grc' dir='ltr'><strong><em>λέγων</em></strong></span> <span class='ocrx_word' id='word_1_236' title='bbox 1619 1933 1675 1986; x_wconf 78' lang='grc' dir='ltr'><strong><em>ἐν</em></strong></span> <span class='ocrx_word' id='word_1_237' title='bbox 1709 1943 1784 2002; x_wconf 81' lang='grc' dir='ltr'><strong><em>τῷ</em></strong></span> <span class='ocrx_word' id='word_1_238' title='bbox 1819 1935 1960 2002; x_wconf 83' lang='grc' dir='ltr'><strong><em>φωτὶ</em></strong></span> <span class='ocrx_word' id='word_1_239' title='bbox 1994 1933 2125 1988; x_wconf 84' lang='grc' dir='ltr'><strong><em>εἶναι</em></strong></span> <span class='ocrx_word' id='word_1_240' title='bbox 2159 1935 2252 1988; x_wconf 82' lang='grc' dir='ltr'><strong><em>καὶ</em></strong></span> <span class='ocrx_word' id='word_1_241' title='bbox 2287 1934 2376 1986; x_wconf 87' lang='grc' dir='ltr'><strong><em>τὸν</em></strong></span> <span class='ocrx_word' id='word_1_242' title='bbox 2408 1933 2642 2002; x_wconf 78' lang='grc' dir='ltr'><strong><em>ἀδελφὸν</em></strong></span> <span class='ocrx_word' id='word_1_243' title='bbox 2748 1951 2780 1984; x_wconf 80' lang='lat'><strong><em>⁴.</em></strong></span> <span class='ocrx_word' id='word_1_244' title='bbox 2803 1949 2846 1981; x_wconf 75' lang='lat'><strong><em>²⁰</em></strong></span> 
     </span>
     <span class='ocr_line' id='line_1_22' title="bbox 179 2016 2641 2086; baseline 0 -16"><span class='ocrx_word' id='word_1_245' title='bbox 179 2016 350 2070; x_wconf 80' lang='grc' dir='ltr'><strong><em>αὐτοῦ</em></strong></span> <span class='ocrx_word' id='word_1_246' title='bbox 394 2025 569 2084; x_wconf 87' lang='grc' dir='ltr'><strong><em>μισῶν</em></strong></span> <span class='ocrx_word' id='word_1_247' title='bbox 615 2018 671 2071; x_wconf 77' lang='grc' dir='ltr'><strong><em>ἐν</em></strong></span> <span class='ocrx_word' id='word_1_248' title='bbox 719 2027 781 2086; x_wconf 85' lang='grc' dir='ltr'><strong><em>τῇ</em></strong></span> <span class='ocrx_word' id='word_1_249' title='bbox 827 2020 1012 2086; x_wconf 84' lang='grc' dir='ltr'><strong><em>σκοτίᾳ</em></strong></span> <span class='ocrx_word' id='word_1_250' title='bbox 1058 2018 1195 2072; x_wconf 77' lang='grc' dir='ltr'><strong><em>ἐστὶν</em></strong></span> <span class='ocrx_word' id='word_1_251' title='bbox 1241 2019 1344 2077; x_wconf 81' lang='grc' dir='ltr'><strong><em>ἕως</em></strong></span> <span class='ocrx_word' id='word_1_252' title='bbox 1390 2019 1523 2086; x_wconf 81' lang='grc' dir='ltr'><strong><em>ἄρτι.</em></strong></span> <span class='ocrx_word' id='word_1_253' title='bbox 1576 2021 1643 2072; x_wconf 81' lang='grc'><strong><em>10</em></strong></span> <span class='ocrx_word' id='word_1_254' title='bbox 1684 2019 1715 2070; x_wconf 84' lang='grc' dir='ltr'>ὁ</span> <span class='ocrx_word' id='word_1_255' title='bbox 1747 2018 1967 2085; x_wconf 80' lang='grc' dir='ltr'><strong><em>ἀγαπῶν</em></strong></span> <span class='ocrx_word' id='word_1_256' title='bbox 2001 2019 2090 2071; x_wconf 87' lang='grc' dir='ltr'><strong><em>τὸν</em></strong></span> <span class='ocrx_word' id='word_1_257' title='bbox 2122 2019 2355 2086; x_wconf 81' lang='grc' dir='ltr'><strong><em>ἀδελφὸν</em></strong></span> <span class='ocrx_word' id='word_1_258' title='bbox 2387 2018 2550 2071; x_wconf 84' lang='grc' dir='ltr'><strong><em>αὐτοῦ</em></strong></span> <span class='ocrx_word' id='word_1_259' title='bbox 2585 2018 2641 2071; x_wconf 80' lang='grc' dir='ltr'><strong><em>ἒν</em></strong></span> 
     </span>
     <span class='ocr_line' id='line_1_23' title="bbox 184 2102 2842 2171; baseline 0 -17"><span class='ocrx_word' id='word_1_260' title='bbox 184 2110 262 2167; x_wconf 77' lang='grc' dir='ltr'><strong><em>τῷ</em></strong></span> <span class='ocrx_word' id='word_1_261' title='bbox 311 2103 453 2170; x_wconf 81' lang='grc' dir='ltr'><strong><em>φωτὶ</em></strong></span> <span class='ocrx_word' id='word_1_262' title='bbox 496 2103 669 2169; x_wconf 86' lang='grc' dir='ltr'><strong><em>μένει,</em></strong></span> <span class='ocrx_word' id='word_1_263' title='bbox 716 2102 808 2156; x_wconf 85' lang='grc' dir='ltr'><strong><em>καὶ</em></strong></span> <span class='ocrx_word' id='word_1_264' title='bbox 855 2103 1154 2156; x_wconf 78' lang='grc' dir='ltr'><strong><em>σκάνδαλον</em></strong></span> <span class='ocrx_word' id='word_1_265' title='bbox 1198 2103 1253 2155; x_wconf 79' lang='grc' dir='ltr'><strong><em>ἓν</em></strong></span> <span class='ocrx_word' id='word_1_266' title='bbox 1299 2102 1444 2170; x_wconf 82' lang='grc' dir='ltr'><strong><em>αὐτῷ</em></strong></span> <span class='ocrx_word' id='word_1_267' title='bbox 1481 2102 1581 2155; x_wconf 73' lang='grc' dir='ltr'><strong><em>οὐκ</em></strong></span> <span class='ocrx_word' id='word_1_268' title='bbox 1618 2103 1769 2155; x_wconf 80' lang='grc' dir='ltr'><strong><em>ἔστιν·</em></strong></span> <span class='ocrx_word' id='word_1_269' title='bbox 1825 2107 1884 2156; x_wconf 90' lang='grc'><strong><em>11</em></strong></span> <span class='ocrx_word' id='word_1_270' title='bbox 1925 2104 1956 2155; x_wconf 83' lang='grc' dir='ltr'>ὁ</span> <span class='ocrx_word' id='word_1_271' title='bbox 1989 2102 2048 2155; x_wconf 78' lang='grc' dir='ltr'><strong><em>δὲ</em></strong></span> <span class='ocrx_word' id='word_1_272' title='bbox 2079 2110 2254 2170; x_wconf 86' lang='grc' dir='ltr'><strong><em>μισῶν</em></strong></span> <span class='ocrx_word' id='word_1_273' title='bbox 2288 2103 2376 2156; x_wconf 83' lang='grc' dir='ltr'><strong><em>τὸν</em></strong></span> <span class='ocrx_word' id='word_1_274' title='bbox 2408 2103 2643 2171; x_wconf 78' lang='grc' dir='ltr'><strong><em>ἀδελφὸν</em></strong></span> <span class='ocrx_word' id='word_1_275' title='bbox 2749 2118 2779 2155; x_wconf 71' lang='lat'><strong><em>2¹.</em></strong></span> <span class='ocrx_word' id='word_1_276' title='bbox 2804 2118 2842 2148; x_wconf 73' lang='lat'><strong><em>1⁸</em></strong></span> 
     </span>
     <span class='ocr_line' id='line_1_24' title="bbox 179 2186 2887 2257; baseline 0.001 -18"><span class='ocrx_word' id='word_1_277' title='bbox 179 2187 349 2239; x_wconf 74' lang='grc' dir='ltr'><strong><em>αὐτοῦ</em></strong></span> <span class='ocrx_word' id='word_1_278' title='bbox 394 2186 450 2238; x_wconf 76' lang='grc' dir='ltr'><strong><em>ἐν</em></strong></span> <span class='ocrx_word' id='word_1_279' title='bbox 486 2195 547 2256; x_wconf 79' lang='grc' dir='ltr'><strong><em>τῇ</em></strong></span> <span class='ocrx_word' id='word_1_280' title='bbox 583 2189 767 2255; x_wconf 79' lang='grc' dir='ltr'><strong><em>σκοτίᾳ</em></strong></span> <span class='ocrx_word' id='word_1_281' title='bbox 802 2187 940 2240; x_wconf 76' lang='grc' dir='ltr'><strong><em>ἐστὶν</em></strong></span> <span class='ocrx_word' id='word_1_282' title='bbox 972 2188 1065 2240; x_wconf 83' lang='grc' dir='ltr'><strong><em>καὶ</em></strong></span> <span class='ocrx_word' id='word_1_283' title='bbox 1100 2188 1156 2240; x_wconf 72' lang='grc' dir='ltr'><strong><em>ἐν</em></strong></span> <span class='ocrx_word' id='word_1_284' title='bbox 1191 2195 1253 2256; x_wconf 84' lang='grc' dir='ltr'><strong><em>τῇ</em></strong></span> <span class='ocrx_word' id='word_1_285' title='bbox 1288 2188 1473 2255; x_wconf 78' lang='grc' dir='ltr'><strong><em>σκοτίᾳ</em></strong></span> <span class='ocrx_word' id='word_1_286' title='bbox 1505 2196 1783 2254; x_wconf 84' lang='grc' dir='ltr'><strong><em>περιπατεῖ</em></strong></span> <span class='ocrx_word' id='word_1_287' title='bbox 1789 2228 1805 2252; x_wconf 90' lang='grc'><strong><em>,</em></strong></span> <span class='ocrx_word' id='word_1_288' title='bbox 1849 2188 1943 2241; x_wconf 80' lang='grc' dir='ltr'><strong><em>καὶ</em></strong></span> <span class='ocrx_word' id='word_1_289' title='bbox 1978 2188 2080 2242; x_wconf 82' lang='grc' dir='ltr'><strong><em>οὐκ</em></strong></span> <span class='ocrx_word' id='word_1_290' title='bbox 2115 2187 2257 2241; x_wconf 78' lang='grc' dir='ltr'><strong><em>οἶδεν</em></strong></span> <span class='ocrx_word' id='word_1_291' title='bbox 2285 2196 2391 2241; x_wconf 85' lang='grc' dir='ltr'><strong><em>ποῦ</em></strong></span> <span class='ocrx_word' id='word_1_292' title='bbox 2428 2188 2641 2257; x_wconf 78' lang='grc' dir='ltr'><strong><em>ὑπάγει,</em></strong></span> <span class='ocrx_word' id='word_1_293' title='bbox 2698 2197 2747 2228; x_wconf 87' lang='lat'><strong><em>¹⁰·</em></strong></span> <span class='ocrx_word' id='word_1_294' title='bbox 2773 2197 2822 2229; x_wconf 80' lang='lat'><strong><em>¹²-</em></strong></span> <span class='ocrx_word' id='word_1_295' title='bbox 2846 2195 2887 2226; x_wconf 72' lang='lat'><strong><em>²³⁵</em></strong></span> 
     </span>
     <span class='ocr_line' id='line_1_25' title="bbox 179 2270 1622 2339; baseline 0.001 -16"><span class='ocrx_word' id='word_1_296' title='bbox 179 2273 264 2323; x_wconf 84' lang='grc' dir='ltr'><strong><em>ὅτι</em></strong></span> <span class='ocrx_word' id='word_1_297' title='bbox 300 2271 333 2338; x_wconf 86' lang='grc' dir='ltr'><em>ἧ</em></span> <span class='ocrx_word' id='word_1_298' title='bbox 371 2273 557 2324; x_wconf 87' lang='grc' dir='ltr'><strong><em>σκοτία</em></strong></span> <span class='ocrx_word' id='word_1_299' title='bbox 592 2271 898 2338; x_wconf 77' lang='grc' dir='ltr'><strong><em>ἐτύφλωσεν</em></strong></span> <span class='ocrx_word' id='word_1_300' title='bbox 933 2271 1053 2330; x_wconf 75' lang='grc' dir='ltr'><strong><em>τοὺς</em></strong></span> <span class='ocrx_word' id='word_1_301' title='bbox 1088 2270 1407 2339; x_wconf 76' lang='grc' dir='ltr'><strong><em>ὀφθαλμοὺς</em></strong></span> <span class='ocrx_word' id='word_1_302' title='bbox 1441 2271 1622 2325; x_wconf 82' lang='grc' dir='ltr'><strong><em>αὐτοῦ.</em></strong></span> 
     </span>
    </p>

    <p class='ocr_par' dir='ltr' id='par_1_9' title="bbox 249 2356 2636 2425">
     <span class='ocr_line' id='line_1_26' title="bbox 249 2356 2636 2425; baseline 0 -17"><span class='ocrx_word' id='word_1_303' title='bbox 249 2358 318 2408; x_wconf 80' lang='grc'><strong><em>12</em></strong></span> <span class='ocrx_word' id='word_1_304' title='bbox 363 2356 572 2423; x_wconf 88' lang='grc' dir='ltr'><strong><em>Γράφω</em></strong></span> <span class='ocrx_word' id='word_1_305' title='bbox 620 2357 775 2423; x_wconf 79' lang='grc' dir='ltr'><strong><em>ὑμῖν,</em></strong></span> <span class='ocrx_word' id='word_1_306' title='bbox 822 2357 1030 2419; x_wconf 85' lang='grc' dir='ltr'><strong><em>τεκνία,</em></strong></span> <span class='ocrx_word' id='word_1_307' title='bbox 1076 2357 1154 2409; x_wconf 83' lang='grc' dir='ltr'><strong><em>ὅτι</em></strong></span> <span class='ocrx_word' id='word_1_308' title='bbox 1200 2356 1469 2424; x_wconf 81' lang='grc' dir='ltr'><strong><em>ἀφέωνται</em></strong></span> <span class='ocrx_word' id='word_1_309' title='bbox 1510 2357 1636 2422; x_wconf 76' lang='grc' dir='ltr'><strong><em>ὑμῖν</em></strong></span> <span class='ocrx_word' id='word_1_310' title='bbox 1670 2358 1729 2409; x_wconf 79' lang='grc' dir='ltr'><strong><em>αἱ</em></strong></span> <span class='ocrx_word' id='word_1_311' title='bbox 1759 2357 2006 2424; x_wconf 79' lang='grc' dir='ltr'><strong><em>ἁμαρτίαι</em></strong></span> <span class='ocrx_word' id='word_1_312' title='bbox 2043 2357 2129 2411; x_wconf 83' lang='grc' dir='ltr'><strong><em>διὰ</em></strong></span> <span class='ocrx_word' id='word_1_313' title='bbox 2165 2356 2222 2410; x_wconf 88' lang='grc' dir='ltr'><strong><em>τὸ</em></strong></span> <span class='ocrx_word' id='word_1_314' title='bbox 2257 2359 2425 2425; x_wconf 83' lang='grc' dir='ltr'><strong><em>ὄνομα</em></strong></span> <span class='ocrx_word' id='word_1_315' title='bbox 2458 2357 2636 2410; x_wconf 81' lang='grc' dir='ltr'><strong><em>αὐτοῦ.</em></strong></span> 
     </span>
    </p>

    <p class='ocr_par' dir='ltr' id='par_1_10' title="bbox 177 2439 2846 2687">
     <span class='ocr_line' id='line_1_27' title="bbox 178 2439 2816 2510; baseline 0.001 -18"><span class='ocrx_word' id='word_1_316' title='bbox 178 2442 250 2492; x_wconf 82' lang='grc'><strong><em>13</em></strong></span> <span class='ocrx_word' id='word_1_317' title='bbox 296 2439 492 2508; x_wconf 82' lang='grc' dir='ltr'><strong><em>γράφω</em></strong></span> <span class='ocrx_word' id='word_1_318' title='bbox 537 2440 692 2505; x_wconf 80' lang='grc' dir='ltr'><strong><em>ὑμῖν,</em></strong></span> <span class='ocrx_word' id='word_1_319' title='bbox 734 2440 981 2508; x_wconf 81' lang='grc' dir='ltr'><strong><em>πατέρες,</em></strong></span> <span class='ocrx_word' id='word_1_320' title='bbox 1028 2442 1106 2493; x_wconf 82' lang='grc' dir='ltr'><strong><em>ὅτι</em></strong></span> <span class='ocrx_word' id='word_1_321' title='bbox 1141 2440 1408 2508; x_wconf 74' lang='grc' dir='ltr'><strong><em>ἐγνώκατε</em></strong></span> <span class='ocrx_word' id='word_1_322' title='bbox 1442 2440 1532 2493; x_wconf 86' lang='grc' dir='ltr'><strong><em>τὸν</em></strong></span> <span class='ocrx_word' id='word_1_323' title='bbox 1565 2440 1652 2494; x_wconf 82' lang='grc' dir='ltr'><strong><em>ἀπ’</em></strong></span> <span class='ocrx_word' id='word_1_324' title='bbox 1692 2441 1879 2509; x_wconf 86' lang='grc' dir='ltr'><strong><em>ἀρχῆς.</em></strong></span> <span class='ocrx_word' id='word_1_325' title='bbox 1927 2441 2121 2510; x_wconf 83' lang='grc' dir='ltr'><strong><em>γράφω</em></strong></span> <span class='ocrx_word' id='word_1_326' title='bbox 2156 2442 2307 2508; x_wconf 77' lang='grc' dir='ltr'><strong><em>ὑμῖν,</em></strong></span> <span class='ocrx_word' id='word_1_327' title='bbox 2347 2443 2639 2506; x_wconf 80' lang='grc' dir='ltr'><strong><em>νεανίσκοι,</em></strong></span> <span class='ocrx_word' id='word_1_328' title='bbox 2753 2446 2816 2478; x_wconf 87' lang='lat'><strong><em>¹·¹</em></strong></span> 
     </span>
     <span class='ocr_line' id='line_1_28' title="bbox 177 2523 2846 2593; baseline 0.001 -19"><span class='ocrx_word' id='word_1_329' title='bbox 177 2524 262 2575; x_wconf 83' lang='grc' dir='ltr'><strong><em>ὅτι</em></strong></span> <span class='ocrx_word' id='word_1_330' title='bbox 312 2523 623 2591; x_wconf 87' lang='grc' dir='ltr'><strong><em>νενικήκατε</em></strong></span> <span class='ocrx_word' id='word_1_331' title='bbox 674 2524 763 2576; x_wconf 82' lang='grc' dir='ltr'><strong><em>τὸν</em></strong></span> <span class='ocrx_word' id='word_1_332' title='bbox 810 2525 1061 2592; x_wconf 85' lang='grc' dir='ltr'><strong><em>πονηρόν.</em></strong></span> <span class='ocrx_word' id='word_1_333' title='bbox 1113 2524 1324 2592; x_wconf 83' lang='grc' dir='ltr'><strong><em>ἔγραψα</em></strong></span> <span class='ocrx_word' id='word_1_334' title='bbox 1376 2525 1503 2590; x_wconf 80' lang='grc' dir='ltr'><strong><em>ὑμῖν</em></strong></span> <span class='ocrx_word' id='word_1_335' title='bbox 1513 2565 1530 2589; x_wconf 99' lang='grc'><strong><em>,</em></strong></span> <span class='ocrx_word' id='word_1_336' title='bbox 1580 2526 1791 2588; x_wconf 81' lang='grc' dir='ltr'><strong><em>παιδία,</em></strong></span> <span class='ocrx_word' id='word_1_337' title='bbox 1843 2527 1920 2577; x_wconf 82' lang='grc' dir='ltr'><strong><em>ὅτι</em></strong></span> <span class='ocrx_word' id='word_1_338' title='bbox 1971 2524 2236 2593; x_wconf 75' lang='grc' dir='ltr'><strong><em>ἐγνώκατε</em></strong></span> <span class='ocrx_word' id='word_1_339' title='bbox 2288 2525 2377 2578; x_wconf 83' lang='grc' dir='ltr'><strong><em>τὸν</em></strong></span> <span class='ocrx_word' id='word_1_340' title='bbox 2424 2525 2639 2593; x_wconf 81' lang='grc' dir='ltr'><strong><em>πατέρα.</em></strong></span> <span class='ocrx_word' id='word_1_341' title='bbox 2750 2533 2780 2564; x_wconf 73' lang='lat'><strong><em>⁵·</em></strong></span> <span class='ocrx_word' id='word_1_342' title='bbox 2807 2532 2846 2563; x_wconf 63' lang='lat'><strong><em>¹⁸</em></strong></span> 
     </span>
     <span class='ocr_line' id='line_1_29' title="bbox 181 2608 2844 2687; baseline 0 -27"><span class='ocrx_word' id='word_1_343' title='bbox 181 2610 251 2660; x_wconf 74' lang='lat'><strong><em>14</em></strong></span> <span class='ocrx_word' id='word_1_344' title='bbox 285 2608 496 2676; x_wconf 81' lang='grc' dir='ltr'><strong><em>ἔγραψα</em></strong></span> <span class='ocrx_word' id='word_1_345' title='bbox 532 2608 683 2675; x_wconf 70' lang='grc' dir='ltr'><strong><em>ὑμῖν,</em></strong></span> <span class='ocrx_word' id='word_1_346' title='bbox 728 2609 976 2676; x_wconf 82' lang='grc' dir='ltr'><strong><em>πατέρες,</em></strong></span> <span class='ocrx_word' id='word_1_347' title='bbox 1023 2610 1100 2662; x_wconf 83' lang='grc' dir='ltr'><strong><em>ὅτι</em></strong></span> <span class='ocrx_word' id='word_1_348' title='bbox 1135 2609 1403 2677; x_wconf 74' lang='grc' dir='ltr'><strong><em>ἐγνώκατε</em></strong></span> <span class='ocrx_word' id='word_1_349' title='bbox 1437 2608 1525 2661; x_wconf 81' lang='grc' dir='ltr'><strong><em>τὸν</em></strong></span> <span class='ocrx_word' id='word_1_350' title='bbox 1559 2609 1645 2662; x_wconf 82' lang='grc' dir='ltr'><strong><em>ἀπ’</em></strong></span> <span class='ocrx_word' id='word_1_351' title='bbox 1684 2610 1870 2678; x_wconf 84' lang='grc' dir='ltr'><strong><em>ἀρχῆς.</em></strong></span> <span class='ocrx_word' id='word_1_352' title='bbox 1906 2610 2116 2678; x_wconf 79' lang='grc' dir='ltr'><strong><em>ἔγραψα</em></strong></span> <span class='ocrx_word' id='word_1_353' title='bbox 2152 2611 2303 2676; x_wconf 76' lang='grc' dir='ltr'><strong><em>ὑμῖν,</em></strong></span> <span class='ocrx_word' id='word_1_354' title='bbox 2349 2611 2639 2687; x_wconf 80' lang='grc' dir='ltr'><strong><em>νεανίσκοι,</em></strong></span> <span class='ocrx_word' id='word_1_355' title='bbox 2752 2612 2778 2646; x_wconf 89' lang='lat'><strong><em>¹·</em></strong></span> <span class='ocrx_word' id='word_1_356' title='bbox 2805 2613 2844 2641; x_wconf 86' lang='lat'><strong><em>¹⁰</em></strong></span> 
     </span>
    </p>
   </div>
   <div class='ocr_carea' id='block_1_8' title="bbox 183 2752 523 2760">
    <p class='ocr_par' dir='ltr' id='par_1_11' title="bbox 183 2752 523 2760">
     <span class='ocr_line' id='line_1_30' title="bbox 183 2752 523 2760; baseline 0 0"><span class='ocrx_word' id='word_1_357' title='bbox 183 2752 523 2760; x_wconf 95' lang='lat' dir='ltr'><strong><em> </em></strong></span> 
     </span>
    </p>
   </div>
   <div class='ocr_carea' id='block_1_9' title="bbox 182 2828 2642 4176">
    <p class='ocr_par' dir='ltr' id='par_1_12' title="bbox 213 2828 2640 3044">
     <span class='ocr_line' id='line_1_31' title="bbox 213 2828 2640 2895; baseline 0 -15"><span class='ocrx_word' id='word_1_358' title='bbox 213 2830 265 2880; x_wconf 84' lang='lat'><strong><em>9.</em></strong></span> <span class='ocrx_word' id='word_1_359' title='bbox 319 2847 401 2879; x_wconf 84' lang='grc' dir='ltr'><strong><em>ινα</em></strong></span> <span class='ocrx_word' id='word_1_360' title='bbox 448 2846 563 2894; x_wconf 84' lang='grc' dir='ltr'><strong><em>αφη</em></strong></span> <span class='ocrx_word' id='word_1_361' title='bbox 600 2846 727 2893; x_wconf 87' lang='grc' dir='ltr'><strong><em>ημιν</em></strong></span> <span class='ocrx_word' id='word_1_362' title='bbox 763 2847 851 2884; x_wconf 89' lang='grc' dir='ltr'><strong><em>τας</em></strong></span> <span class='ocrx_word' id='word_1_363' title='bbox 886 2846 1145 2892; x_wconf 85' lang='grc' dir='ltr'><strong><em>αμαρτιας</em></strong></span> <span class='ocrx_word' id='word_1_364' title='bbox 1179 2830 1293 2879; x_wconf 81' lang='lat' dir='ltr'>sine</span> <span class='ocrx_word' id='word_1_365' title='bbox 1327 2845 1484 2893; x_wconf 83' lang='grc' dir='ltr'><strong><em>ημων</em></strong></span> <span class='ocrx_word' id='word_1_366' title='bbox 1518 2845 1641 2879; x_wconf 89' lang='lat' dir='ltr'><strong><em>cum</em></strong></span> <span class='ocrx_word' id='word_1_367' title='bbox 1677 2830 1931 2894; x_wconf 84' lang='lat' dir='ltr'><em>ABKLP,</em></span> <span class='ocrx_word' id='word_1_368' title='bbox 1969 2828 2086 2893; x_wconf 79' lang='lat' dir='ltr'>m75‚</span> <span class='ocrx_word' id='word_1_369' title='bbox 2124 2834 2211 2880; x_wconf 86' lang='lat' dir='ltr'>tol.</span> <span class='ocrx_word' id='word_1_370' title='bbox 2248 2857 2314 2865; x_wconf 92' lang='lat'>—</span> <span class='ocrx_word' id='word_1_371' title='bbox 2348 2830 2440 2894; x_wconf 60' lang='lat' dir='ltr'><strong><em>xC,</em></strong></span> <span class='ocrx_word' id='word_1_372' title='bbox 2476 2830 2523 2892; x_wconf 86' lang='lat'><strong><em>5,</em></strong></span> <span class='ocrx_word' id='word_1_373' title='bbox 2557 2830 2640 2895; x_wconf 87' lang='grc'><strong><em>26,</em></strong></span> 
     </span>
     <span class='ocr_line' id='line_1_32' title="bbox 318 2903 2638 2970; baseline 0 -14"><span class='ocrx_word' id='word_1_374' title='bbox 318 2905 402 2968; x_wconf 96' lang='grc'><strong><em>68,</em></strong></span> <span class='ocrx_word' id='word_1_375' title='bbox 463 2904 545 2969; x_wconf 81' lang='grc'><strong><em>69,</em></strong></span> <span class='ocrx_word' id='word_1_376' title='bbox 605 2903 689 2969; x_wconf 85' lang='grc'><strong><em>98,</em></strong></span> <span class='ocrx_word' id='word_1_377' title='bbox 743 2913 878 2967; x_wconf 55' lang='lat' dir='ltr'>asch,</span> <span class='ocrx_word' id='word_1_378' title='bbox 926 2905 1055 2970; x_wconf 56' lang='lat' dir='ltr'><strong>jscr.‚</strong></span> <span class='ocrx_word' id='word_1_379' title='bbox 1109 2921 1190 2970; x_wconf 81' lang='lat' dir='ltr'><strong><em>vg.</em></strong></span> <span class='ocrx_word' id='word_1_380' title='bbox 1243 2906 1441 2969; x_wconf 69' lang='lat' dir='ltr'><strong>synutr·</strong></span> <span class='ocrx_word' id='word_1_381' title='bbox 1492 2906 1604 2956; x_wconf 81' lang='lat' dir='ltr'><strong>sah.</strong></span> <span class='ocrx_word' id='word_1_382' title='bbox 1657 2905 1872 2968; x_wconf 84' lang='lat' dir='ltr'>(omisso</span> <span class='ocrx_word' id='word_1_383' title='bbox 1925 2905 2074 2970; x_wconf 89' lang='grc' dir='ltr'><strong><em>ημιν)</em></strong></span> <span class='ocrx_word' id='word_1_384' title='bbox 2124 2911 2256 2969; x_wconf 78' lang='lat' dir='ltr'>copt.</span> <span class='ocrx_word' id='word_1_385' title='bbox 2311 2921 2441 2956; x_wconf 74' lang='lat' dir='ltr'><strong><em>arm.</em></strong></span> <span class='ocrx_word' id='word_1_386' title='bbox 2496 2908 2638 2956; x_wconf 84' lang='lat' dir='ltr'><strong>aeth.</strong></span> 
     </span>
     <span class='ocr_line' id='line_1_33' title="bbox 318 2982 729 3044; baseline -0.005 -13"><span class='ocrx_word' id='word_1_387' title='bbox 318 2982 525 3031; x_wconf 79' lang='lat' dir='ltr'>addunt</span> <span class='ocrx_word' id='word_1_388' title='bbox 558 2997 729 3044; x_wconf 86' lang='grc' dir='ltr'><strong><em>ημων.</em></strong></span> 
     </span>
    </p>

    <p class='ocr_par' dir='ltr' id='par_1_13' title="bbox 182 3053 2639 3196">
     <span class='ocr_line' id='line_1_34' title="bbox 182 3053 2639 3122; baseline 0 -15"><span class='ocrx_word' id='word_1_389' title='bbox 182 3058 258 3108; x_wconf 82' lang='lat'><strong><em>11:</em></strong></span> <span class='ocrx_word' id='word_1_390' title='bbox 293 3059 340 3108; x_wconf 85' lang='grc'><strong><em>1.</em></strong></span> <span class='ocrx_word' id='word_1_391' title='bbox 394 3056 528 3107; x_wconf 86' lang='lat' dir='ltr'><strong><em>Cum</em></strong></span> <span class='ocrx_word' id='word_1_392' title='bbox 578 3057 855 3107; x_wconf 77' lang='lat' dir='ltr'>Markland</span> <span class='ocrx_word' id='word_1_393' title='bbox 902 3062 957 3106; x_wconf 82' lang='lat' dir='ltr'><strong><em>et</em></strong></span> <span class='ocrx_word' id='word_1_394' title='bbox 1003 3057 1060 3106; x_wconf 81' lang='lat' dir='ltr'><strong><em>V.</em></strong></span> <span class='ocrx_word' id='word_1_395' title='bbox 1109 3058 1156 3106; x_wconf 87' lang='lat' dir='ltr'><strong><em>d.</em></strong></span> <span class='ocrx_word' id='word_1_396' title='bbox 1201 3057 1248 3107; x_wconf 90' lang='lat' dir='ltr'><strong><em>S.</em></strong></span> <span class='ocrx_word' id='word_1_397' title='bbox 1289 3056 1614 3120; x_wconf 79' lang='lat' dir='ltr'>Bakhuyzen</span> <span class='ocrx_word' id='word_1_398' title='bbox 1660 3057 1887 3119; x_wconf 83' lang='lat' dir='ltr'>legimus</span> <span class='ocrx_word' id='word_1_399' title='bbox 1929 3072 2016 3104; x_wconf 84' lang='grc' dir='ltr'><strong><em>τον</em></strong></span> <span class='ocrx_word' id='word_1_400' title='bbox 2050 3053 2271 3107; x_wconf 83' lang='grc' dir='ltr'><strong><em>ὃικαιον.</em></strong></span> <span class='ocrx_word' id='word_1_401' title='bbox 2327 3056 2404 3108; x_wconf 85' lang='lat' dir='ltr'><strong><em>Cf.</em></strong></span> <span class='ocrx_word' id='word_1_402' title='bbox 2441 3058 2639 3122; x_wconf 78' lang='lat' dir='ltr'>Baljon,</span> 
     </span>
     <span class='ocr_line' id='line_1_35' title="bbox 318 3131 1120 3196; baseline 0 -14"><span class='ocrx_word' id='word_1_403' title='bbox 318 3133 498 3182; x_wconf 68' lang='lat' dir='ltr'><strong>Theoi.</strong></span> <span class='ocrx_word' id='word_1_404' title='bbox 534 3131 684 3182; x_wconf 80' lang='lat' dir='ltr'>stud.</span> <span class='ocrx_word' id='word_1_405' title='bbox 718 3131 867 3196; x_wconf 86' lang='grc'><strong><em>1893,</em></strong></span> <span class='ocrx_word' id='word_1_406' title='bbox 901 3133 972 3182; x_wconf 91' lang='lat' dir='ltr'><strong><em>bl.</em></strong></span> <span class='ocrx_word' id='word_1_407' title='bbox 1006 3131 1120 3182; x_wconf 74' lang='lat'><strong>246.</strong></span> 
     </span>
    </p>

    <p class='ocr_par' dir='ltr' id='par_1_14' title="bbox 213 3205 2642 3348">
     <span class='ocr_line' id='line_1_36' title="bbox 213 3205 2642 3273; baseline -0.001 -14"><span class='ocrx_word' id='word_1_408' title='bbox 213 3209 263 3259; x_wconf 86' lang='grc'><strong><em>2.</em></strong></span> <span class='ocrx_word' id='word_1_409' title='bbox 318 3206 491 3270; x_wconf 84' lang='grc' dir='ltr'><strong><em>ιλασμ.</em></strong></span> <span class='ocrx_word' id='word_1_410' title='bbox 541 3224 680 3257; x_wconf 90' lang='grc' dir='ltr'><strong><em>εστιν</em></strong></span> <span class='ocrx_word' id='word_1_411' title='bbox 729 3224 851 3258; x_wconf 82' lang='lat' dir='ltr'><strong><em>cum</em></strong></span> <span class='ocrx_word' id='word_1_412' title='bbox 904 3209 1184 3261; x_wconf 61' lang='lat' dir='ltr'><strong><em>teBGKLP.</em></strong></span> <span class='ocrx_word' id='word_1_413' title='bbox 1263 3224 1400 3256; x_wconf 87' lang='grc' dir='ltr'><strong><em>εστιν</em></strong></span> <span class='ocrx_word' id='word_1_414' title='bbox 1450 3205 1668 3269; x_wconf 85' lang='grc' dir='ltr'><strong><em>ιλασμος</em></strong></span> <span class='ocrx_word' id='word_1_415' title='bbox 1720 3224 1843 3257; x_wconf 89' lang='lat' dir='ltr'><strong><em>cum</em></strong></span> <span class='ocrx_word' id='word_1_416' title='bbox 1895 3207 1959 3272; x_wconf 81' lang='lat' dir='ltr'><strong><em>A,</em></strong></span> <span class='ocrx_word' id='word_1_417' title='bbox 2010 3207 2092 3272; x_wconf 86' lang='grc'><strong><em>68,</em></strong></span> <span class='ocrx_word' id='word_1_418' title='bbox 2142 3206 2259 3272; x_wconf 87' lang='grc'><strong><em>180,</em></strong></span> <span class='ocrx_word' id='word_1_419' title='bbox 2307 3223 2388 3272; x_wconf 77' lang='lat' dir='ltr'><strong><em>vg.</em></strong></span> <span class='ocrx_word' id='word_1_420' title='bbox 2435 3206 2642 3273; x_wconf 66' lang='lat' dir='ltr'><strong>synsch·</strong></span> 
     </span>
     <span class='ocr_line' id='line_1_37' title="bbox 316 3282 1941 3348; baseline 0.001 -16"><span class='ocrx_word' id='word_1_421' title='bbox 316 3300 482 3348; x_wconf 86' lang='grc' dir='ltr'><strong><em>μονον</em></strong></span> <span class='ocrx_word' id='word_1_422' title='bbox 515 3299 636 3334; x_wconf 81' lang='lat' dir='ltr'><strong><em>cum</em></strong></span> <span class='ocrx_word' id='word_1_423' title='bbox 674 3285 748 3336; x_wconf 57' lang='lat' dir='ltr'><strong><em>&amp;A</em></strong></span> <span class='ocrx_word' id='word_1_424' title='bbox 763 3285 959 3335; x_wconf 87' lang='lat' dir='ltr'><strong><em>CKLP.</em></strong></span> <span class='ocrx_word' id='word_1_425' title='bbox 993 3311 1059 3319; x_wconf 92' lang='lat'><strong><em>-—</em></strong></span> <span class='ocrx_word' id='word_1_426' title='bbox 1094 3285 1142 3333; x_wconf 92' lang='lat' dir='ltr'><strong><em>B</em></strong></span> <span class='ocrx_word' id='word_1_427' title='bbox 1175 3286 1286 3334; x_wconf 83' lang='lat' dir='ltr'>sah.</span> <span class='ocrx_word' id='word_1_428' title='bbox 1322 3291 1456 3348; x_wconf 82' lang='lat' dir='ltr'><strong>eopt.</strong></span> <span class='ocrx_word' id='word_1_429' title='bbox 1494 3282 1620 3334; x_wconf 57' lang='lat'><strong><em>021.</em></strong></span> <span class='ocrx_word' id='word_1_430' title='bbox 1634 3282 1708 3321; x_wconf 86' lang='lat'><strong><em>521</em></strong></span> <span class='ocrx_word' id='word_1_431' title='bbox 1741 3300 1941 3345; x_wconf 84' lang='grc' dir='ltr'><strong><em>μονων.</em></strong></span> 
     </span>
    </p>

    <p class='ocr_par' dir='ltr' id='par_1_15' title="bbox 218 3356 2638 3560">
     <span class='ocr_line' id='line_1_38' title="bbox 218 3356 2637 3423; baseline -0.001 -12"><span class='ocrx_word' id='word_1_432' title='bbox 218 3361 265 3411; x_wconf 77' lang='lat'><strong><em>4.</em></strong></span> <span class='ocrx_word' id='word_1_433' title='bbox 316 3377 347 3407; x_wconf 89' lang='grc' dir='ltr'><strong><em>ο</em></strong></span> <span class='ocrx_word' id='word_1_434' title='bbox 380 3356 548 3423; x_wconf 77' lang='grc' dir='ltr'><strong><em>λεγων</em></strong></span> <span class='ocrx_word' id='word_1_435' title='bbox 580 3375 655 3407; x_wconf 89' lang='grc' dir='ltr'><strong><em>οτι</em></strong></span> <span class='ocrx_word' id='word_1_436' title='bbox 689 3375 815 3409; x_wconf 85' lang='lat' dir='ltr'><strong><em>cum</em></strong></span> <span class='ocrx_word' id='word_1_437' title='bbox 851 3361 997 3412; x_wconf 68' lang='grc' dir='ltr'><strong><em>κΑΒ.</em></strong></span> <span class='ocrx_word' id='word_1_438' title='bbox 1032 3387 1099 3394; x_wconf 89' lang='grc'><strong>-</strong></span> <span class='ocrx_word' id='word_1_439' title='bbox 1134 3359 1407 3410; x_wconf 84' lang='lat' dir='ltr'><strong>Omittunt</strong></span> <span class='ocrx_word' id='word_1_440' title='bbox 1439 3376 1517 3408; x_wconf 87' lang='grc' dir='ltr'><strong><em>οτι</em></strong></span> <span class='ocrx_word' id='word_1_441' title='bbox 1558 3360 1751 3409; x_wconf 89' lang='lat' dir='ltr'><strong><em>CKLP.</em></strong></span> <span class='ocrx_word' id='word_1_442' title='bbox 1832 3376 1924 3409; x_wconf 88' lang='grc' dir='ltr'><strong><em>και</em></strong></span> <span class='ocrx_word' id='word_1_443' title='bbox 1959 3375 2015 3408; x_wconf 90' lang='grc' dir='ltr'><strong><em>εν</em></strong></span> <span class='ocrx_word' id='word_1_444' title='bbox 2051 3375 2251 3408; x_wconf 85' lang='grc' dir='ltr'><strong><em>τουτω.·</em></strong></span> <span class='ocrx_word' id='word_1_445' title='bbox 2293 3358 2405 3423; x_wconf 83' lang='grc' dir='ltr'><strong><em>ΑΡ,</em></strong></span> <span class='ocrx_word' id='word_1_446' title='bbox 2439 3357 2521 3420; x_wconf 88' lang='grc'><strong><em>13,</em></strong></span> <span class='ocrx_word' id='word_1_447' title='bbox 2556 3358 2637 3422; x_wconf 87' lang='grc'><strong><em>27,</em></strong></span> 
     </span>
     <span class='ocr_line' id='line_1_39' title="bbox 317 3431 2638 3499; baseline -0 -14"><span class='ocrx_word' id='word_1_448' title='bbox 317 3435 385 3485; x_wconf 87' lang='grc'><strong><em>29</em></strong></span> <span class='ocrx_word' id='word_1_449' title='bbox 431 3437 692 3485; x_wconf 79' lang='lat' dir='ltr'><strong>omittunt</strong></span> <span class='ocrx_word' id='word_1_450' title='bbox 735 3452 843 3485; x_wconf 88' lang='grc' dir='ltr'><strong><em>και.</em></strong></span> <span class='ocrx_word' id='word_1_451' title='bbox 925 3448 958 3488; x_wconf 74' lang='grc' dir='ltr'><strong><em>κ</em></strong></span> <span class='ocrx_word' id='word_1_452' title='bbox 1005 3438 1207 3486; x_wconf 81' lang='lat' dir='ltr'><strong>omittit</strong></span> <span class='ocrx_word' id='word_1_453' title='bbox 1251 3452 1308 3484; x_wconf 81' lang='grc' dir='ltr'><strong><em>εν</em></strong></span> <span class='ocrx_word' id='word_1_454' title='bbox 1353 3451 1541 3485; x_wconf 87' lang='grc' dir='ltr'><strong><em>τουτω.</em></strong></span> <span class='ocrx_word' id='word_1_455' title='bbox 1582 3461 1645 3468; x_wconf 95' lang='grc'>-</span> <span class='ocrx_word' id='word_1_456' title='bbox 1679 3431 1934 3498; x_wconf 76' lang='grc' dir='ltr'><strong><em>αληθεια.’</em></strong></span> <span class='ocrx_word' id='word_1_457' title='bbox 1969 3447 2019 3498; x_wconf 68' lang='grc' dir='ltr'><strong><em>κ,</em></strong></span> <span class='ocrx_word' id='word_1_458' title='bbox 2054 3435 2102 3499; x_wconf 88' lang='grc'><strong><em>8,</em></strong></span> <span class='ocrx_word' id='word_1_459' title='bbox 2136 3435 2219 3496; x_wconf 77' lang='grc'><strong><em>25,</em></strong></span> <span class='ocrx_word' id='word_1_460' title='bbox 2254 3437 2394 3485; x_wconf 83' lang='lat' dir='ltr'><strong>aeth.</strong></span> <span class='ocrx_word' id='word_1_461' title='bbox 2432 3436 2638 3485; x_wconf 82' lang='lat' dir='ltr'>addunt</span> 
     </span>
     <span class='ocr_line' id='line_1_40' title="bbox 318 3509 595 3560; baseline -0.004 0"><span class='ocrx_word' id='word_1_462' title='bbox 318 3528 410 3560; x_wconf 85' lang='grc' dir='ltr'><strong><em>του</em></strong></span> <span class='ocrx_word' id='word_1_463' title='bbox 445 3509 595 3559; x_wconf 69' lang='grc' dir='ltr'><strong><em>θεον.</em></strong></span> 
     </span>
    </p>

    <p class='ocr_par' dir='ltr' id='par_1_16' title="bbox 214 3584 2640 3728">
     <span class='ocr_line' id='line_1_41' title="bbox 214 3584 2640 3650; baseline -0.002 -12"><span class='ocrx_word' id='word_1_464' title='bbox 214 3588 264 3638; x_wconf 83' lang='grc'><strong><em>6.</em></strong></span> <span class='ocrx_word' id='word_1_465' title='bbox 318 3603 411 3636; x_wconf 89' lang='grc' dir='ltr'><strong><em>και</em></strong></span> <span class='ocrx_word' id='word_1_466' title='bbox 457 3603 613 3641; x_wconf 74' lang='grc' dir='ltr'><strong><em>αντος</em></strong></span> <span class='ocrx_word' id='word_1_467' title='bbox 656 3603 831 3641; x_wconf 81' lang='grc' dir='ltr'><strong><em>ουτως</em></strong></span> <span class='ocrx_word' id='word_1_468' title='bbox 864 3587 1039 3638; x_wconf 68' lang='grc' dir='ltr'><strong><em>κΟΚΡ</em></strong></span> <span class='ocrx_word' id='word_1_469' title='bbox 1072 3593 1205 3649; x_wconf 86' lang='lat' dir='ltr'><strong>copt.</strong></span> <span class='ocrx_word' id='word_1_470' title='bbox 1257 3586 1530 3636; x_wconf 82' lang='lat' dir='ltr'><strong>Omittunt</strong></span> <span class='ocrx_word' id='word_1_471' title='bbox 1563 3602 1734 3640; x_wconf 87' lang='grc' dir='ltr'><strong><em>ουτως</em></strong></span> <span class='ocrx_word' id='word_1_472' title='bbox 1772 3586 1882 3638; x_wconf 85' lang='grc' dir='ltr'><strong><em>ΑΒ.</em></strong></span> <span class='ocrx_word' id='word_1_473' title='bbox 1918 3585 1966 3649; x_wconf 87' lang='grc'><strong><em>3,</em></strong></span> <span class='ocrx_word' id='word_1_474' title='bbox 2001 3585 2082 3648; x_wconf 74' lang='lat'><strong><em>34,</em></strong></span> <span class='ocrx_word' id='word_1_475' title='bbox 2117 3585 2198 3648; x_wconf 77' lang='lat'><strong><em>65,</em></strong></span> <span class='ocrx_word' id='word_1_476' title='bbox 2233 3584 2315 3648; x_wconf 82' lang='grc'><strong><em>81,</em></strong></span> <span class='ocrx_word' id='word_1_477' title='bbox 2349 3584 2464 3646; x_wconf 88' lang='grc'><strong><em>180,</em></strong></span> <span class='ocrx_word' id='word_1_478' title='bbox 2500 3587 2640 3650; x_wconf 60' lang='lat' dir='ltr'>deon,</span> 
     </span>
     <span class='ocr_line' id='line_1_42' title="bbox 320 3661 1019 3728; baseline -0.001 -16"><span class='ocrx_word' id='word_1_479' title='bbox 320 3679 401 3728; x_wconf 84' lang='lat' dir='ltr'><strong><em>vg.</em></strong></span> <span class='ocrx_word' id='word_1_480' title='bbox 436 3665 549 3714; x_wconf 76' lang='lat' dir='ltr'><strong>sah.</strong></span> <span class='ocrx_word' id='word_1_481' title='bbox 586 3666 727 3714; x_wconf 81' lang='lat' dir='ltr'><strong>aeth.</strong></span> <span class='ocrx_word' id='word_1_482' title='bbox 760 3661 1019 3713; x_wconf 83' lang='lat' dir='ltr'>Clem.310.</span> 
     </span>
    </p>

    <p class='ocr_par' dir='ltr' id='par_1_17' title="bbox 216 3734 2642 3875">
     <span class='ocr_line' id='line_1_43' title="bbox 216 3734 2642 3804; baseline -0.001 -16"><span class='ocrx_word' id='word_1_483' title='bbox 216 3739 264 3789; x_wconf 85' lang='lat'><strong><em>7.</em></strong></span> <span class='ocrx_word' id='word_1_484' title='bbox 316 3755 572 3804; x_wconf 88' lang='grc' dir='ltr'><strong><em>αγαπητοι</em></strong></span> <span class='ocrx_word' id='word_1_485' title='bbox 618 3755 741 3790; x_wconf 86' lang='lat' dir='ltr'><strong><em>cum</em></strong></span> <span class='ocrx_word' id='word_1_486' title='bbox 788 3739 861 3791; x_wconf 57' lang='lat' dir='ltr'><strong><em>&amp;A</em></strong></span> <span class='ocrx_word' id='word_1_487' title='bbox 878 3738 1013 3789; x_wconf 85' lang='lat' dir='ltr'><strong><em>BCP</em></strong></span> <span class='ocrx_word' id='word_1_488' title='bbox 1060 3743 1160 3787; x_wconf 75' lang='lat' dir='ltr'>eat.</span> <span class='ocrx_word' id='word_1_489' title='bbox 1211 3753 1291 3802; x_wconf 77' lang='lat' dir='ltr'><strong><em>vg.</em></strong></span> <span class='ocrx_word' id='word_1_490' title='bbox 1371 3734 1593 3801; x_wconf 79' lang='grc' dir='ltr'><strong><em>αδελφοι</em></strong></span> <span class='ocrx_word' id='word_1_491' title='bbox 1642 3752 1763 3786; x_wconf 87' lang='lat' dir='ltr'><strong><em>cum</em></strong></span> <span class='ocrx_word' id='word_1_492' title='bbox 1802 3738 1890 3786; x_wconf 77' lang='lat' dir='ltr'><strong><em>KL</em></strong></span> <span class='ocrx_word' id='word_1_493' title='bbox 1927 3737 2160 3786; x_wconf 68' lang='lat' dir='ltr'><strong>aethmr-</strong></span> <span class='ocrx_word' id='word_1_494' title='bbox 2231 3752 2496 3800; x_wconf 85' lang='grc' dir='ltr'><strong><em>ηκουσατε</em></strong></span> <span class='ocrx_word' id='word_1_495' title='bbox 2531 3752 2642 3786; x_wconf 76' lang='lat' dir='ltr'><strong><em>sme</em></strong></span> 
     </span>
     <span class='ocr_line' id='line_1_44' title="bbox 320 3813 1957 3875; baseline -0.002 -11"><span class='ocrx_word' id='word_1_496' title='bbox 320 3816 685 3865; x_wconf 78' lang='lat' dir='ltr'>additamento</span> <span class='ocrx_word' id='word_1_497' title='bbox 719 3829 839 3865; x_wconf 89' lang='lat' dir='ltr'><strong><em>cum</em></strong></span> <span class='ocrx_word' id='word_1_498' title='bbox 876 3813 1113 3865; x_wconf 62' lang='lat' dir='ltr'><strong><em>nABGP.</em></strong></span> <span class='ocrx_word' id='word_1_499' title='bbox 1168 3813 1386 3862; x_wconf 86' lang='lat' dir='ltr'><strong>Addunt</strong></span> <span class='ocrx_word' id='word_1_500' title='bbox 1418 3829 1493 3862; x_wconf 87' lang='grc' dir='ltr'><strong><em>απ</em></strong></span> <span class='ocrx_word' id='word_1_501' title='bbox 1526 3828 1696 3875; x_wconf 85' lang='grc' dir='ltr'><strong><em>αρχης</em></strong></span> <span class='ocrx_word' id='word_1_502' title='bbox 1731 3813 1823 3861; x_wconf 84' lang='lat' dir='ltr'><strong><em>KL</em></strong></span> <span class='ocrx_word' id='word_1_503' title='bbox 1858 3817 1957 3861; x_wconf 84' lang='lat' dir='ltr'>cat.</span> 
     </span>
    </p>

    <p class='ocr_par' dir='ltr' id='par_1_18' title="bbox 214 3888 1461 3953">
     <span class='ocr_line' id='line_1_45' title="bbox 214 3888 1461 3953; baseline -0.004 -12"><span class='ocrx_word' id='word_1_504' title='bbox 214 3890 266 3941; x_wconf 89' lang='grc'><strong><em>8.</em></strong></span> <span class='ocrx_word' id='word_1_505' title='bbox 318 3907 374 3940; x_wconf 86' lang='grc' dir='ltr'><strong><em>εν</em></strong></span> <span class='ocrx_word' id='word_1_506' title='bbox 410 3907 535 3953; x_wconf 73' lang='grc' dir='ltr'><strong><em>υμιν</em></strong></span> <span class='ocrx_word' id='word_1_507' title='bbox 569 3906 691 3940; x_wconf 84' lang='lat' dir='ltr'><strong><em>cum</em></strong></span> <span class='ocrx_word' id='word_1_508' title='bbox 729 3889 962 3942; x_wconf 63' lang='lat' dir='ltr'><strong><em>teBGKL.</em></strong></span> <span class='ocrx_word' id='word_1_509' title='bbox 998 3914 1064 3922; x_wconf 90' lang='lat'><strong>—</strong></span> <span class='ocrx_word' id='word_1_510' title='bbox 1099 3888 1197 3937; x_wconf 89' lang='grc' dir='ltr'><strong><em>ΑΡ</em></strong></span> <span class='ocrx_word' id='word_1_511' title='bbox 1229 3905 1285 3936; x_wconf 86' lang='grc' dir='ltr'><strong><em>εν</em></strong></span> <span class='ocrx_word' id='word_1_512' title='bbox 1320 3905 1461 3951; x_wconf 88' lang='grc' dir='ltr'><strong><em>ημιν.</em></strong></span> 
     </span>
    </p>

    <p class='ocr_par' dir='ltr' id='par_1_19' title="bbox 184 3962 2116 4017">
     <span class='ocr_line' id='line_1_46' title="bbox 184 3962 2116 4017; baseline -0.003 -1"><span class='ocrx_word' id='word_1_513' title='bbox 184 3965 265 4017; x_wconf 73' lang='grc'><strong><em>10.</em></strong></span> <span class='ocrx_word' id='word_1_514' title='bbox 316 3982 419 4014; x_wconf 76' lang='grc' dir='ltr'><strong><em>ουκ</em></strong></span> <span class='ocrx_word' id='word_1_515' title='bbox 455 3982 557 4014; x_wconf 88' lang='grc' dir='ltr'><strong><em>εστ.</em></strong></span> <span class='ocrx_word' id='word_1_516' title='bbox 594 3981 650 4013; x_wconf 85' lang='grc' dir='ltr'><strong><em>εν</em></strong></span> <span class='ocrx_word' id='word_1_517' title='bbox 683 3980 829 4013; x_wconf 88' lang='grc' dir='ltr'><strong><em>αυτω</em></strong></span> <span class='ocrx_word' id='word_1_518' title='bbox 866 3979 990 4012; x_wconf 86' lang='lat' dir='ltr'><strong><em>cum</em></strong></span> <span class='ocrx_word' id='word_1_519' title='bbox 1025 3962 1166 4015; x_wconf 72' lang='grc' dir='ltr'><strong><em>κΑΕ.</em></strong></span> <span class='ocrx_word' id='word_1_520' title='bbox 1236 3979 1292 4010; x_wconf 90' lang='grc' dir='ltr'><strong><em>εν</em></strong></span> <span class='ocrx_word' id='word_1_521' title='bbox 1325 3979 1438 4012; x_wconf 85' lang='grc' dir='ltr'><strong><em>αυτ.</em></strong></span> <span class='ocrx_word' id='word_1_522' title='bbox 1476 3979 1578 4011; x_wconf 84' lang='grc' dir='ltr'><strong><em>ουκ</em></strong></span> <span class='ocrx_word' id='word_1_523' title='bbox 1615 3978 1718 4010; x_wconf 88' lang='grc' dir='ltr'><strong><em>εστ.</em></strong></span> <span class='ocrx_word' id='word_1_524' title='bbox 1755 3977 1875 4011; x_wconf 87' lang='lat' dir='ltr'><strong><em>cum</em></strong></span> <span class='ocrx_word' id='word_1_525' title='bbox 1913 3962 2116 4011; x_wconf 80' lang='lat' dir='ltr'><em>BKLP.</em></span> 
     </span>
    </p>

    <p class='ocr_par' dir='ltr' id='par_1_20' title="bbox 182 4033 2641 4176">
     <span class='ocr_line' id='line_1_47' title="bbox 182 4033 2641 4106; baseline -0.003 -16"><span class='ocrx_word' id='word_1_526' title='bbox 182 4040 266 4092; x_wconf 69' lang='lat'><strong><em>43.</em></strong></span> <span class='ocrx_word' id='word_1_527' title='bbox 314 4058 528 4106; x_wconf 82' lang='grc' dir='ltr'><strong><em>εγραψα</em></strong></span> <span class='ocrx_word' id='word_1_528' title='bbox 576 4056 698 4090; x_wconf 82' lang='lat' dir='ltr'><strong><em>cum</em></strong></span> <span class='ocrx_word' id='word_1_529' title='bbox 746 4038 1016 4093; x_wconf 66' lang='lat' dir='ltr'><em>nABGLP</em></span> <span class='ocrx_word' id='word_1_530' title='bbox 1060 4043 1160 4089; x_wconf 81' lang='lat' dir='ltr'><strong>cat.</strong></span> <span class='ocrx_word' id='word_1_531' title='bbox 1207 4039 1318 4088; x_wconf 77' lang='lat' dir='ltr'>sah.</span> <span class='ocrx_word' id='word_1_532' title='bbox 1365 4043 1502 4101; x_wconf 81' lang='lat' dir='ltr'>copt.</span> <span class='ocrx_word' id='word_1_533' title='bbox 1537 4040 1736 4103; x_wconf 58' lang='lat' dir='ltr'><strong><em>sylzutr·</em></strong></span> <span class='ocrx_word' id='word_1_534' title='bbox 1769 4053 1898 4087; x_wconf 82' lang='lat' dir='ltr'>arm.</span> <span class='ocrx_word' id='word_1_535' title='bbox 1936 4039 2074 4087; x_wconf 81' lang='lat' dir='ltr'>aeth.</span> <span class='ocrx_word' id='word_1_536' title='bbox 2112 4033 2377 4086; x_wconf 67' lang='lat' dir='ltr'><strong><em>01=,cat.115‚</em></strong></span> <span class='ocrx_word' id='word_1_537' title='bbox 2447 4051 2641 4100; x_wconf 71' lang='grc' dir='ltr'><strong><em>γραῳω</em></strong></span> 
     </span>
     <span class='ocr_line' id='line_1_48' title="bbox 317 4111 1344 4176; baseline -0.001 -11"><span class='ocrx_word' id='word_1_538' title='bbox 317 4131 443 4165; x_wconf 83' lang='lat' dir='ltr'><strong><em>cum</em></strong></span> <span class='ocrx_word' id='word_1_539' title='bbox 479 4116 529 4164; x_wconf 85' lang='lat' dir='ltr'><em>K</em></span> <span class='ocrx_word' id='word_1_540' title='bbox 562 4113 804 4176; x_wconf 44' lang='grc' dir='ltr'><strong><em>(αἰόλαι)</em></strong></span> <span class='ocrx_word' id='word_1_541' title='bbox 839 4111 1191 4165; x_wconf 60' lang='grc' dir='ltr'><strong><em>τινιῐι.θᾶᾱ·ὅῑῐῐ(1-</em></strong></span> <span class='ocrx_word' id='word_1_542' title='bbox 1228 4112 1344 4164; x_wconf 71' lang='lat' dir='ltr'><strong><em>Oen.</em></strong></span> 
     </span>
    </p>
   </div>
  </div>
 </body>
</html>
