3050 4459
1040 243 1375 297 ΠΡΑΞΕῙΣ
1406 243 1894 296 ΑΠΟΣΤΟΔΩΝ
2243 246 2337 310 17,
2372 246 2452 296 11.
2588 247 2693 296 383

228 383 302 442 εἰς
354 382 612 449 Βέροιαν,
664 383 847 439 οἵτινες
890 381 1305 449 παραγενόμενοι
1350 380 1425 438 εἷς
1470 380 1566 448 τὴν
1612 379 1925 448 συναγωγὴν
1971 387 2077 432 τῶν
2116 379 2395 433 Ἰουδαίων
2434 380 2688 448 ἀπῄεσαν.

231 471 293 521 11
347 466 491 519 οὗτοι
542 465 601 518 δὲ
647 465 783 533 ἦσαν
827 465 1176 532 εὐγενέστεροι
1221 470 1328 517 τῶν
1374 464 1430 516 ἒν
1481 464 1844 532 Θεσσαλονίκῃ
1860 504 1874 528 ,
1919 466 2102 523 οἵτινες
2135 463 2380 526 ἐδέξαντο
2415 465 2503 517 τὸν
2535 466 2694 532 λόγον

228 550 360 618 μετὰ
409 551 582 618 πάσης
632 550 969 617 προθυμίας,
1021 548 1152 602 καθ’
1208 547 1412 617 ἡμέραν
1458 541 1827 615 ἀνακρίνοντες
1873 555 1962 606 τὰς
2008 548 2246 616 γραφάς,
2291 548 2341 599 εἰ
2382 549 2492 616 ἔχοι
2529 554 2696 601 ταῦτα.

231 637 418 694 οὕτως.
470 638 539 688 12
580 634 765 687 πολλοὶ
808 632 908 701 μὲν
952 633 1048 686 οὖν
1092 633 1153 696 ἐξ
1197 633 1376 686 αὐτῶν
1408 632 1747 696 ἐπίστευσαν,
1797 632 1890 686 καὶ
1926 640 2033 685 τῶν
2061 632 2385 700 Ἑλληνίδων
2418 639 2696 701 γυναικῶν

231 727 337 772 τῶν
387 719 736 788 εὐσχημόνων
785 719 879 772 καὶ
926 719 1139 785 ἀνδρῶν
1185 717 1287 770 οὐκ
1325 717 1504 785 ὀλίγοι·
1552 719 1620 769 13
1654 717 1731 775 ὡς
1765 716 1824 770 δὲ
1858 718 2096 784 ἔγνωσαν
2129 718 2184 768 οἱ
2214 716 2319 770 ἀπὸ
2355 724 2445 784 τῆς
2487 717 2692 771 Θεσσα-

229 806 445 871 λονίκης
484 804 763 866 Ἰουδαῖοι,
810 804 889 855 ὅτι
935 803 1027 855 καὶ
1075 802 1131 854 ἐν
1165 809 1229 869 τῇ
1264 802 1462 869 Βεροίᾳ
1496 801 1787 868 κατηγγέλη
1825 801 1929 853 ὑπὸ
1965 809 2055 853 τοῦ
2091 801 2312 855 Παύλου
2349 802 2381 852 ὁ
2411 802 2563 870 λόγος
2598 808 2698 853 τοῦ·

232 890 395 951 θεοῦ,
442 887 613 955 ἦλθον
657 889 823 940 κάκεῖ
862 887 1165 944 σαλεύοντες
1210 885 1302 938 καὶ
1350 884 1694 952 ταράσσοντες
1729 884 1849 943 τοὺς
1884 885 2092 953 ὄχλους.
2149 889 2211 939 14
2244 885 2450 943 εὐθέως
2484 884 2544 938 δὲ
2578 886 2692 938 τότε

232 973 321 1026 τὸν
353 972 572 1026 Παῦλον
604 971 970 1034 ἐξαπέστειλαν
1002 973 1059 1023 οἱ
1087 970 1310 1037 ἀδελφοὶ
1341 969 1665 1037 πορεύεσθαι
1701 969 1804 1028 ἕως
1838 969 1922 1021 ε’πὶ
1959 969 2052 1038 τὴν
2085 970 2374 1023 θάλασσαν·
2410 970 2700 1035 ὑπέμειναν

232 1057 293 1110 δὲ
336 1059 373 1110 δ’
413 1077 468 1109 τε
513 1057 677 1115 Σίλας
723 1056 817 1109 καὶ
852 1056 883 1107 ὁ
923 1055 1182 1122 Τιμόθεος
1216 1054 1344 1107 ἐκεῖ.
1396 1057 1464 1107 15
1496 1055 1553 1106 οἱ
1581 1055 1640 1107 δὲ
1674 1053 2081 1113 καθιστάνοντες
2119 1053 2206 1106 τὸν
2240 1056 2461 1108 Παῦλον
2495 1055 2700 1122 ἤγαγον

232 1143 336 1201 ἕως
375 1141 641 1209 Ἀθηνῶν,
687 1141 779 1194 καὶ
824 1141 1072 1209 λαβόντες
1118 1139 1331 1207 ἐντολὴν
1374 1137 1508 1204 πρὸς
1556 1138 1646 1191 τὸν
1692 1138 1858 1191 Σίλαν
1903 1139 1996 1191 καὶ
2033 1140 2121 1191 τὸν
2163 1140 2451 1206 Τιμόθεον,
2498 1141 2580 1192 ἵνα
2615 1140 2691 1198 ὡς

234 1226 446 1294 τάχιστα
482 1226 712 1278 ἔλθωσιν
744 1224 878 1292 πρὸς
915 1224 1103 1284 αὐτόν,
1134 1224 1373 1291 ἐξῄεσαν.

298 1314 366 1364 16
395 1310 485 1363 Ἐν
513 1309 573 1362 δὲ
603 1318 712 1369 ταῖς
738 1303 981 1378 Ἀθήναις
1008 1308 1364 1375 ἐκδεχομένου
1393 1306 1586 1365 αὐτοὺς
1615 1313 1707 1359 τοῦ
1739 1308 1960 1360 Παύλου
1977 1347 1991 1370 ,
2024 1308 2368 1373 παρωξύνετο
2399 1308 2456 1360 τὸ
2484 1315 2691 1376 πνεῦμα

233 1395 396 1448 αὐτοῦ
442 1394 499 1447 ἐν
543 1394 720 1461 αὐτῷ,
767 1393 1100 1460 θεωροῦντος
1147 1391 1471 1445 κατείδωλον
1516 1390 1683 1444 οὖσαν
1729 1391 1822 1459 τὴν
1853 1392 2021 1445 πόλιν.
2076 1396 2139 1445 17
2175 1392 2430 1460 διελέγετο
2462 1393 2562 1460 μὲν
2596 1394 2699 1446 οὖν

232 1480 290 1531 ἓν
334 1488 397 1548 τῇ
443 1487 725 1548 συναγωγῇ
774 1487 878 1536 τοῖς
906 1477 1185 1534 Ἰουδαίοις
1219 1477 1311 1529 καὶ
1347 1484 1453 1534 τοῖς
1488 1475 1792 1544 σεβομένοις
1827 1476 1920 1530 καὶ
1954 1476 2010 1529 ἐν
2046 1485 2108 1544 τῇ
2144 1476 2313 1545 ἀγορᾷ
2348 1479 2484 1531 κατὰ
2516 1486 2698 1531 πᾶσαν

234 1563 438 1632 ἡμέραν
481 1564 614 1630 πρὸς
649 1562 771 1621 τοὺς
802 1561 1313 1630 παρατυγχάνοντας.
1364 1563 1432 1613 18
1467 1560 1600 1618 τινὲς
1633 1560 1693 1613 δὲ
1726 1561 1819 1613 καὶ
1857 1567 1964 1613 τῶν
1994 1560 2354 1628 Ἐπικουρίων
2388 1561 2480 1616 καὶ
2516 1564 2696 1616 Στωι-

234 1656 351 1700 κῶν
397 1648 713 1716 φιλοσόφων
759 1647 1077 1715 συνέβαλλον
1122 1646 1296 1712 αὐτῷ,
1348 1647 1446 1698 καί
1487 1665 1620 1703 τινες
1665 1645 1854 1713 ἔλεγον·
1903 1646 1956 1698 τί
1990 1645 2054 1698 ἂν
2089 1645 2236 1699 θέλοι
2273 1647 2304 1698 ὁ
2336 1649 2694 1715 σπερμολόγος

237 1845 317 1896 10.
369 1842 457 1894 δια
492 1860 683 1898 νυκτος
718 1858 841 1893 cum
877 1842 1024 1902 affl),
1059 1841 1139 1904 13,
1174 1841 1256 1903 25,
1290 1839 1372 1902 31,
1407 1839 1489 1903 40,
1523 1839 1608 1903 68,
1640 1839 1723 1903 69,
1758 1839 1839 1904 73,
1872 1840 1988 1904 105,
2025 1840 2140 1904 180,
2176 1850 2312 1905 asca,
2336 1849 2437 1892 eat.
2506 1839 2573 1891 δι.
2602 1859 2697 1908 της

367 1937 514 1970 νυκτ.
568 1934 692 1970 cum
742 1918 953 1968 EIILP.
1021 1932 1259 1981 απηεσαν
1309 1917 1363 1969 (d
1413 1916 1617 1977 ibant):
1671 1913 1725 1965 E
1762 1932 2022 1981 εισηεσαν,
2069 1918 2197 1967 item
2247 1919 2576 1969 introierunt
2612 1935 2692 1984 vg.

369 1997 520 2056 (item
568 1997 680 2046 sah.
728 1992 970 2058 s'yr.⁸0b·).
1035 1994 1315 2044 Posuimus
1347 1999 1465 2057 post
1497 2009 1606 2041 των
1640 1989 1894 2041 ιουδαιων
1927 2009 2051 2043 cum
2087 1993 2160 2044 &A
2173 1993 2285 2057 BD,
2319 1992 2401 2057 13,
2435 1994 2515 2057 61,
2563 1996 2696 2044 item

369 2087 450 2136 vg.
503 2072 641 2121 Ante
678 2086 785 2118 των
819 2067 953 2118 ιουδ.
990 2069 1205 2119 EHLP.

236 2148 316 2198 11.
368 2145 484 2197 καθ
531 2163 735 2211 ημεραν
777 2161 904 2196 cum
950 2145 1145 2197 RADE.
1229 2160 1286 2192 το
1331 2140 1445 2192 καθ
1492 2160 1586 2207 ημ.
1634 2159 1758 2194 cum
1803 2144 2015 2194 BHLP.
2050 2170 2117 2179 —
2153 2146 2207 2195 1³.
2246 2146 2303 2195 R.
2339 2147 2468 2210 legit
2501 2142 2699 2202 καθως

370 2220 589 2277 Παυλος
622 2217 925 2285 απαγγελλει
964 2227 1080 2284 post
1112 2237 1156 2268 ει
1191 2235 1306 2283 εχοι
1342 2236 1501 2269 ταυτα
1538 2235 1723 2274 ουτως.

235 2300 316 2350 12.
368 2297 451 2348 D*
496 2313 627 2352 τινες
672 2314 771 2360 μεν
814 2313 911 2346 ουν
955 2313 1135 2347 αυτων
1179 2313 1505 2356 επιστευσαν,
1553 2311 1685 2349 τινες
1720 2292 1779 2344 δε
1813 2310 2123 2360 ηπιστησαν,
2170 2314 2262 2346 και
2299 2315 2405 2346 των
2440 2294 2701 2362 Ελληνων

368 2391 477 2424 των
511 2389 860 2439 ευσχημονων
893 2370 1081 2436 ανδρες
1115 2389 1207 2422 και
1243 2389 1487 2436 γυναικες
1522 2388 1696 2422 ικανοι
1730 2387 2052 2422 επιστευσαν.

238 2451 321 2501 13.
372 2467 464 2500 και
510 2465 854 2512 ταρασσοντες
900 2465 1022 2499 cum
1070 2449 1252 2502 &ABD
1285 2454 1388 2500 cat.
1425 2465 1506 2514 vg.
1540 2449 1741 2514 syr-utr·
1772 2449 1884 2497 sah.
1919 2453 2056 2511 copt.
2092 2463 2222 2499 arm.
2288 2448 2559 2499 omittunt
2591 2449 2696 2499 ΕΗ

374 2526 467 2575 LP
514 2526 751 2575 aeth.utr-
788 2550 855 2559 ——
888 2525 937 2573 D
971 2541 1048 2574 οτι
1083 2522 1234 2589 λογος
1269 2522 1401 2574 θεου
1437 2520 1729 2588 κατηγγελη
1765 2538 1840 2577 εις
1877 2520 2105 2587 Βεροιαν
2135 2540 2227 2573 και
2262 2541 2570 2575 επιστευσαν
2603 2542 2698 2574 και

374 2598 544 2664 ηλθον
577 2617 651 2654 εις
685 2617 849 2665 αι’την
882 2616 1039 2649 κακει
1075 2596 1378 2654 οαλευοντες
1414 2616 1506 2649 και
1544 2613 1817 2653 τάσσοντες
1852 2613 1973 2650 τους
2011 2596 2201 2663 οχλους
2242 2617 2305 2648 ου
2342 2597 2699 2664 διελιμπανον.

238 2677 319 2728 14.
375 2677 439 2736 D,
473 2675 679 2740 syr.80h·
708 2693 795 2724 τον
827 2692 926 2738 μεν
960 2693 1055 2724 ουν
1090 2673 1163 2724 Π.
1200 2693 1250 2724 οι
1284 2674 1368 2725 αδ.
1404 2670 1770 2733 εξαπεστειλαν
1803 2670 2053 2722 απελθειν
2086 2691 2170 2723 επι
2206 2673 2318 2724 κτλ.
2345 2702 2412 2710 —-
2433 2693 2537 2731 εως
2572 2692 2695 2726 cum

375 2751 573 2814 ⁸ABE,
614 2751 695 2815 13,
728 2752 809 2814 25,
844 2752 926 2814 27,
962 2752 1043 2816 40,
1079 2751 1163 2816 61,
1197 2749 1348 2812 66**,
1384 2750 1467 2814 81,
1501 2750 1617 2812 105,
1653 2765 1735 2814 vg.
1770 2748 1839 2812 (e,
1877 2765 1957 2814 vg.
1992 2765 2165 2813 usque
2198 2752 2293 2812 ad)
2327 2749 2533 2816 synsch·
2562 2756 2702 2815 copt.

376 2843 453 2882 ως
503 2842 627 2878 cum
678 2829 825 2877 HLP
876 2837 975 2878 cat.
1026 2836 1165 2891 sym)
1221 2842 1353 2877 arm.
1400 2853 1465 2862 --
1514 2827 1563 2874 D
1608 2824 1719 2886 (sed
1770 2826 1801 2874 d
1848 2826 1920 2874 ad
1965 2841 2122 2876 mare
2167 2827 2372 2890 versus)
2406 2829 2518 2878 sah.
2554 2829 2695 2878 aeth.

375 2905 648 2954 omittunt.
716 2920 1000 2966 υπεμειναν
1044 2920 1167 2954 cum
1215 2905 1312 2966 ⁸13,
1359 2904 1487 2953 item
1539 2900 1591 2951 E
1633 2899 1861 2962 (13treg.)
1905 2918 2203 2966 απεμειναν,
2248 2902 2331 2966 31,
2365 2904 2446 2967 33,
2481 2903 2546 2953 68
2579 2920 2696 2952 επε-

371 2996 570 3042 μειναν.
634 2982 770 3030 Item
818 2988 1200 3030 remanserum
1250 2995 1328 3044 vg.
1375 2985 1509 3043 copt.
1579 2993 1853 3040 υπεμεινεν
1887 2993 2008 3027 cum
2043 2978 2158 3042 AD,
2194 2977 2276 3041 27,
2310 2978 2424 3042 137,
2459 2988 2576 3029 οΒθΓ·
2610 2977 2703 3041 (40

372 3055 631 3119 επεμεινε)
677 3057 787 3106 sah.
836 3053 1042 3119 synsscb·
1104 3070 1363 3117 υπεμενον
1396 3071 1519 3105 cum
1557 3055 1705 3104 HLP
1738 3060 1837 3103 cat.
1905 3070 1958 3103 τε
1993 3069 2116 3103 cum
2151 3055 2348 3117 ΒΑΒΕ,
2383 3056 2465 3118 13,
2499 3055 2581 3118 15,
2614 3054 2702 3118 18,

373 3132 455 3194 25,
505 3131 587 3195 31,
634 3130 715 3194 33,
761 3131 843 3194 34,
890 3130 972 3193 61,
1017 3130 1099 3192 68,
1147 3139 1279 3194 esch,
1328 3136 1428 3181 cat.
1476 3134 1676 3194 synutr·
1721 3131 1862 3179 aeth.
1944 3127 2002 3178 δε
2051 3145 2172 3180 cum
2223 3129 2423 3180 DHLP
2469 3147 2548 3195 vg.
2585 3133 2697 3181 sah.

375 3212 510 3271 copt.
546 3222 676 3258 arm.

238 3284 320 3333 15.
374 3279 781 3337 καθιστάνοντες
816 3299 939 3333 cum
976 3283 1089 3346 ΑΒ,
1112 3282 1193 3344 25,
1228 3283 1357 3332 item
1383 3280 1451 3334 κθ
1476 3277 1821 3335 καθισταντες
1847 3277 2033 3342 (καθις
2058 3283 2167 3331 exit
2203 3283 2427 3346 versus),
2463 3285 2510 3332 D
2534 3299 2702 3333 κατα-

371 3375 657 3422 στανοντες,
702 3358 761 3409 61
815 3357 1342 3412 αποκαθιστανοντες.
1390 3383 1455 3390 —-
1501 3353 1861 3410 καθιστωντες
1908 3372 2030 3405 cum
2079 3356 2426 3408 ch2EHLP.
2507 3376 2704 3423 ηγαγον

375 3437 489 3485 sine
539 3452 699 3484 αυτον
750 3450 873 3485 curn
923 3434 1107 3487 RABD
1157 3435 1230 3483 fu.
1283 3434 1375 3483 tol.
1422 3430 1701 3497 Thphy1.b.
1768 3433 1989 3482 Addunt
2034 3449 2195 3482 αυτον
2241 3435 2438 3485 EIILP
2480 3445 2580 3486 cat.
2616 3453 2697 3501 vg.

375 3512 575 3575 syr.¹²t1'·
607 3513 719 3561 sah.
756 3517 890 3575 copt.
925 3525 1057 3561 arm.
1127 3527 1220 3559 και
1255 3525 1344 3558 τον
1379 3505 1555 3570 τιμοθ.
1593 3524 1715 3558 eum
1751 3507 1897 3571 κΒΕ,
1930 3507 2012 3570 13,
2049 3507 2130 3558 61.
2184 3509 2456 3560 Omittunt
2490 3528 2578 3560 τον
2602 3513 2708 3562 AD

376 3587 539 3636 HLP.
592 3587 716 3636 Post
761 3584 870 3636 Αθ.
917 3588 997 3637 D:
1040 3582 1315 3649 παρηλθεν
1360 3581 1419 3632 δε
1467 3599 1561 3647 την
1613 3580 1920 3633 Θεσσαλιαν·
1974 3580 2231 3649 εκωλυθη
2267 3602 2367 3650 γαρ
2401 3603 2474 3640 εις
2509 3604 2699 3643 amm),—

374 3660 607 3726 κηρῦξαι
652 3679 741 3710 τον
775 3660 944 3727 λογον.
979 3658 1225 3726 λαβοντες
1260 3659 1319 3710 δε
1353 3656 1567 3723 εντολην
1599 3676 1744 3724 παρα
1781 3657 2002 3711 Παυλου
2036 3677 2172 3724 προς
2207 3657 2319 3710 κτλ.
2357 3690 2423 3697 -
2457 3680 2704 3728 taglam:

376 3738 426 3786 D
457 3754 604 3792 οπως
639 3754 696 3788 εν
730 3755 890 3803 ταχει.

239 3814 321 3865 16.
372 3812 707 3877 θεωροῦντος
753 3830 876 3865 cum
922 3813 1118 3876 κΑΒΕ,
1163 3812 1245 3876 13,
1291 3812 1374 3877 15,
1418 3812 1502 3875 18,
1551 3813 1631 3877 40,
1678 3811 1760 3875 61,
1806 3811 1888 3875 68,
1934 3812 2016 3877 69,
2065 3812 2147 3876 73,
2180 3812 2261 3878 98,
2299 3814 2414 3877 137,
2448 3815 2563 3879 180,
2599 3824 2702 3867 cat.

376 3887 672 3954 θεωρουντι
705 3905 829 3940 cum
866 3890 1075 3939 DHLP.

238 3965 321 4017 18.
374 3982 506 4020 τινες
556 3964 614 4015 δε
660 3982 751 4015 και
799 3981 921 4016 cum
968 3965 1315 4027 ⁸ABDHLP,
1362 3963 1444 4026 61,
1490 3963 1698 4027 syr.⁸0h·
1741 3972 1859 4013 anne.
1926 3963 2200 4016 omittunt
2246 3984 2338 4016 και
2386 3964 2440 4016 Ε
2471 3983 2552 4032 vg.
2588 3971 2702 4019 sah.

373 4047 508 4106 copt.
553 4050 692 4106 synt)
740 4057 870 4092 arm.
918 4043 1061 4091 aeth.
1141 4056 1467 4103 επικουριων
1514 4056 1635 4090 eum
1672 4038 1956 4102 xABfflE,
1993 4041 2073 4104 25,
2109 4041 2192 4104 61,
2228 4054 2360 4106 esen,
2400 4045 2523 4093 kser.
2589 4062 2703 4092 επι-

2220 4157 2230 4182 ,
2336 4158 2348 4183 7
2452 4159 2464 4182 2
2569 4159 2580 4178 5

2801 1237 2901 1274 18,ss
