3050 4459
1437 242 1505 251 -
2601 233 2706 269 xlll

244 393 420 443 versio
470 393 729 457 posterior
774 391 938 452 (unde
982 389 1171 454 syizv),
1220 389 1603 440 Philoxeniana
1651 392 1733 439 vel
1778 391 1975 440 rectius
2009 392 2150 454 quod
2187 393 2251 440 ad
2287 393 2512 441 formam
2549 394 2710 442 hodie

302 480 575 542 cognitam
626 478 822 527 attinet
870 476 1235 526 Heracleensis
1284 477 1453 538 dicta,
1517 491 1580 523 ex
1633 475 1871 525 versione
1918 477 2162 539 auspiciis
2207 476 2483 527 Philoxeni
2527 477 2708 538 (aliter

306 560 580 623 xenaiae),
617 561 1048 625 Monophysitae‚
1083 561 1308 624 episcopi
1344 559 1724 623 Hierapolitani
1759 575 1792 608 a
1829 561 2113 624 Polycarpo
2147 563 2541 626 chorespiscopo
2566 578 2712 612 anno

304 646 408 696 508
442 645 685 696 confecta
720 651 897 694 ortum
934 644 1139 694 habuit.

241 732 460 781 Samuel
512 731 790 779 Palmerus
840 743 979 778 anno
1024 726 1158 777 1730
1204 727 1395 776 Amida
1438 743 1501 776 ex
1551 727 1682 776 urbe
1728 728 1780 776 in
1817 727 2198 792 Mesopotamia
2230 729 2334 778 sita
2368 731 2420 778 in
2456 731 2705 794 Angliam

306 817 373 865 ad
426 815 784 865 Glocestrium
836 813 1102 875 Ridlejum
1148 812 1352 861 codices
1402 815 1535 861 duos
1581 812 1728 861 misit
1774 813 2069 862 versionem
2115 813 2516 863 Heracleensem
2552 815 2708 864 exhi-

308 902 513 950 bentes.
563 899 639 948 Ex
676 900 758 948 his
792 898 1059 948 codicibus
1093 896 1260 946 edidit
1293 894 1481 946 Oxonii
1509 896 1768 960 Joseplius
1799 896 2009 959 white,
2045 898 2237 947 additis
2263 899 2497 948 versione
2517 899 2708 949 Latina

307 984 748 1034 annotationibus
780 983 1097 1033 lectionibus
1131 983 1321 1044 variis,
1365 983 1639 1045 evangelia
1672 981 1880 1031 duobus
1911 984 2069 1032 tomis
2103 998 2245 1032 anno
2280 983 2438 1046 1778,
2485 985 2618 1034 Acta
2651 993 2712 1033 et.

309 1069 575 1133 Epistulas
608 1069 897 1119 catholicas
931 1083 1071 1118 anno
1106 1065 1266 1130 1799,
1300 1067 1559 1130 Epistolas
1592 1067 1845 1116 Paulinas
1870 1082 2009 1117 anno
2032 1065 2193 1130 1803,
2228 1083 2391 1132 quam
2417 1069 2706 1118 editionem

308 1153 739 1204 Tischendorfius
773 1150 1008 1217 synwhit·
1038 1153 1170 1201 item
1205 1149 1487 1201 eodbarsal·
1520 1152 1830 1215 designavit.

238 1238 457 1302 Symtr.
480 1253 542 1281 =
563 1238 735 1287 versia
761 1238 967 1301 syriaca
997 1241 1227 1299 utraque
1248 1252 1308 1279 ==
1327 1251 1433 1299 syr.
1466 1236 1607 1298 prior
1627 1235 1940 1298 (Peschitto)
1966 1243 2022 1286 et
2043 1252 2149 1300 syr.
2169 1239 2423 1301 posterior
2440 1236 2706 1299 (Philox.).

238 1323 361 1388 Syr.
409 1323 654 1372 sinaitica
701 1319 959 1385 (syr.⁸i¹¹·).
1009 1322 1162 1371 Anno
1209 1319 1342 1370 1892
1388 1335 1571 1370 mense
1623 1321 1908 1371 Februario
1955 1322 2155 1372 detexit
2191 1322 2712 1386 photographiceque

310 1408 618 1471 exscripsit,
670 1406 812 1456 socia
855 1420 1032 1455 sorore
1078 1406 1295 1455 domina
1341 1403 1569 1467 Gibson‚
1622 1405 1836 1454 domina
1879 1408 2056 1469 Agnes
2087 1405 2262 1456 Smith
2301 1407 2466 1456 Lewis
2501 1407 2554 1455 in
2591 1421 2710 1455 rno-

309 1494 543 1543 nasterio
575 1491 627 1541 S.
664 1489 985 1540 Catharinae
1020 1491 1253 1540 codicem
1286 1490 1686 1553 evangeliorum
1723 1488 2061 1552 Syriacorum
2096 1492 2428 1554 teser-iptum.
2479 1488 2704 1539 Textum

307 1577 707 1627 Curetonianus
758 1575 989 1624 similem
1036 1589 1152 1624 esse
1188 1580 1551 1638 perceperunt.
1605 1575 1758 1622 Anno
1793 1571 1925 1622 1893
1957 1575 2151 1623 iterum
2187 1589 2309 1624 cum
2346 1575 2531 1624 amicis
2561 1574 2708 1624 Sinai

309 1667 552 1711 montem
586 1661 707 1710 visit
737 1660 905 1709 Lewis
933 1665 989 1709 et
1019 1660 1252 1708 codicem
1283 1666 1528 1708 accurate
1559 1674 1653 1721 per
1676 1659 2031 1727 quadraginta
2053 1659 2166 1708 dies
2190 1660 2393 1708 calamo
2419 1660 2708 1722 exscripsit.

309 1726 726 1808 Evangeliorum
774 1760 878 1794 non
923 1745 1119 1794 desunt
1163 1744 1266 1792 nisi
1311 1749 1428 1792 octo
1473 1744 1684 1802 cirmter
1727 1744 1964 1806 paginae.
2017 1742 2185 1792 Lewis
2220 1743 2384 1791 edidit
2419 1744 2496 1804 „A
2532 1751 2712 1791 trans-

308 1832 477 1880 lation
525 1830 584 1879 of
616 1830 711 1879 the
746 1830 867 1878 four
900 1831 1106 1892 gospels
1141 1829 1277 1877 from
1316 1828 1407 1876 the
1442 1826 1624 1890 Syriae
1658 1828 1716 1876 of
1746 1829 1838 1876 the
1871 1826 2090 1877 Sinaitic
2125 1827 2525 1890 Palimpsenst''‚
2560 1825 2707 1876 1894.

310 1916 392 1965 Cf.
445 1916 624 1974 Marx,
675 1914 769 1962 Die
822 1914 932 1962 vier
978 1913 1337 1962 kanonischen
1386 1911 1710 1975 Evangelien
1758 1913 1895 1962 nach
1931 1913 2101 1961 ihrem
2135 1914 2364 1962 altesten
2401 1913 2709 1961 bekannten

307 2001 493 2050 Texte.
550 1998 944 2061 Uebersetzung
995 1999 1089 2046 der
1137 1997 1420 2060 Syrischen
1476 1997 1530 2045 in
1583 1997 1934 2046 Sinaikloster
1979 1997 2318 2060 gesundenen
2367 1997 2708 2059 Palimpsest-

310 2083 679 2146 handschrift‚
712 2082 859 2132 1897.
1278 2141 1287 2166 .

242 2170 355 2219 The
390 2169 721 2232 Apocalypse
763 2167 822 2216 of
849 2166 924 2216 St.
960 2167 1097 2216 John
1132 2167 1187 2215 in
1224 2181 1256 2215 a
1290 2165 1473 2228 Syriae
1509 2166 1716 2215 version
1755 2167 1990 2215 hitherto
2027 2166 2324 2226 unknown,
2362 2165 2536 2215 edited
2572 2166 2708 2214 from

308 2269 343 2304 a
397 2254 494 2303 Ms.
550 2253 605 2301 in
655 2253 748 2301 the
798 2252 997 2315 library
1050 2252 1109 2300 of
1145 2252 1237 2300 the
1288 2251 1407 2300 Earl
1455 2251 1513 2299 of
1557 2249 1821 2299 Crawford
1858 2251 1964 2299 and
2001 2251 2293 2312 BalcarreS,
2343 2251 2472 2299 with
2509 2252 2712 2300 critical

312 2342 468 2386 notes
514 2352 584 2384 on
633 2337 725 2385 the
771 2335 955 2398 Syriae
984 2335 1117 2384 Text
1151 2335 1253 2383 and
1292 2349 1359 2382 an
1396 2335 1685 2384 annotated
1721 2336 2137 2384 reconstruction
2172 2336 2231 2384 os
2262 2337 2353 2384 the
2391 2335 2714 2397 underlying

311 2421 489 2471 Greek
524 2420 659 2468 Text
692 2419 759 2482 by
795 2419 932 2468 John
966 2417 1202 2481 Gwynn,
1237 2417 1368 2467 1897
1406 2434 1468 2461 =
1503 2418 1810 2481 Syrugwyssn-

863 2591 1233 2642 VERSIONES
1279 2589 1702 2640 AEGYPTIGAE
1751 2592 1831 2640 ΕΤ
1881 2593 2093 2643 ALIAE.

245 2765 377 2813 Tres
411 2763 629 2824 linguae
655 2758 1007 2822 Aegyptiacae
1030 2758 1241 2807 dialecti
1268 2758 1639 2821 Memphitica,
1674 2756 1938 2808 Thebaica
1960 2763 2016 2808 et
2040 2759 2385 2808 Bashmurica
2408 2759 2460 2808 in
2488 2761 2711 2810 totidem

314 2845 650 2897 versionibus
684 2844 1029 2904 exhibentur-3
1064 2857 1093 2892 e
1129 2842 1323 2906 quibus
1358 2842 1705 2905 Memphitica
1734 2844 1902 2892 versio
1928 2848 1983 2891 et
2004 2843 2266 2892 Thebaica
2289 2858 2442 2891 suam
2466 2859 2718 2908 quaeque

312 2933 581 2995 originem
628 2944 656 2979 e
705 2926 903 2976 Graeco
949 2929 1063 2976 sine
1111 2934 1303 2976 mutua
1348 2925 1608 2976 affinitate
1643 2927 1856 2976 trahere
1890 2927 2164 2990 videntur,
2221 2926 2562 2977 Bashmurica
2595 2943 2714 2979 sae-

312 3019 439 3068 culo
474 3017 697 3064 fortasse
732 3013 890 3062 tertio
925 3017 1157 3061 exeunte
1188 3027 1216 3060 e
1251 3011 1515 3060 Thebaica
1553 3010 1780 3060 fluxisse.

246 3102 597 3164 Memphitica
633 3114 692 3142 =
729 3103 863 3161 copt.
934 3097 1203 3146 Dialectus
1265 3097 1496 3160 Aegypti
1561 3095 1826 3145 inferioris
1889 3095 2256 3159 Memphitica,
2318 3099 2587 3149 interdurn
2648 3117 2710 3150 ex

314 3185 542 3235 Arabico
579 3183 793 3232 nomine
828 3182 1068 3231 Bohirica
1102 3182 1271 3242 dicta,
1292 3182 1435 3229 olim
1473 3181 1601 3244 quia
1635 3181 1746 3230 sola
1780 3182 1992 3243 cognita
2025 3186 2141 3229 erat
2173 3183 2376 3244 coptica
2411 3185 2716 3248 nominata,

314 3270 451 3320 satis
483 3272 607 3330 apta
638 3271 755 3315 erat
787 3265 854 3314 ad
892 3263 1091 3314 Graeca
1126 3265 1407 3313 reddenda.

247 3353 516 3402 Thebaica
550 3365 612 3393 τ-
647 3350 759 3399 sah.
823 3349 1096 3399 Dialectus
1148 3350 1375 3412 Aegypti
1426 3350 1710 3411 superioris
1760 3349 2048 3412 Thebaica,
2110 3364 2172 3398 ex
2225 3351 2446 3400 Arabico
2500 3355 2716 3402 nomine

314 3436 566 3486 Sahidica
598 3435 754 3484 dicta.

252 3521 564 3572 Basmurica
598 3535 658 3563 =
693 3519 860 3568 basm.

254 3605 437 3654 Versio
468 3604 766 3666 aethiopica
798 3618 860 3646 =
896 3603 1039 3652 aeth.
1210 3625 1248 3642 —s

252 3689 438 3738 Versio
472 3688 740 3737 armenica
773 3702 835 3730 =
872 3701 1004 3736 arm.
1059 3686 1299 3736 Uscanus
1333 3688 1501 3735 edidit
1538 3689 1673 3736 hanc
1709 3689 2003 3736 versionem
2039 3687 2201 3750 1666,
2239 3689 2382 3738 unde
2418 3699 2648 3738 amause-

250 3772 437 3821 Versio
470 3771 781 3837 Georgiana.

250 3855 534 3905 versiones
580 3856 822 3918 persicae.
892 3856 1075 3905 Pers.w
1117 3872 1177 3899 =
1215 3857 1411 3916 versio,
1463 3857 1607 3905 edita
1652 3857 1719 3905 ab
1767 3856 2066 3907 Abrahamo
2115 3859 2382 3908 wheloco.
2449 3860 2620 3908 Persi)
2651 3875 2712 3901 τ·-

319 3941 533 3990 Persica
562 3941 643 3989 ed.
680 3940 929 3989 Pococke.

252 4025 533 4075 versiones
567 4022 833 4073 Arabicae.

254 4107 533 4158 versiones
568 4109 801 4159 Latinae.

2841 4131 3003 4435 A
