3050 4459
358 223 457 260 vul
1546 235 1614 244 -

361 384 405 433 0
436 385 595 434 codex
631 383 960 447 Mosquensis
996 383 1047 433 S.
1082 383 1280 448 Synodi
1317 399 1394 432 nr.
1431 382 1546 432 120.
1600 382 1738 433 Sunt
1775 383 1899 433 folia
1931 390 2048 433 octo
2083 398 2146 433 ex
2181 383 2321 433 Atho
2358 393 2538 434 monte
2563 387 2807 450 advecta,

424 482 458 516 a
491 467 782 531 bibliopego
817 468 983 517 codici
1018 468 1358 517 homiliarum
1394 466 1758 532 chrysostomi
1791 468 2141 531 agglutinata.
2188 468 2476 519 Continent
2509 470 2809 534 fragmenta

425 553 686 616 evangelii
723 552 934 601 Ioannis
968 567 1088 601 cum
1125 552 1353 602 scholiis.
1407 552 1545 603 Noni
1580 552 1830 602 videntur
1863 568 1976 602 esse
2010 554 2223 603 saeculi.

361 637 432 684 oa
462 634 536 686 Ob
566 636 635 685 00
664 633 736 684 od
766 636 861 685 00:
899 636 980 686 his
1013 636 1161 700 siglis
1195 636 1467 700 insignivit
1499 636 1671 687 Tisch.
1708 651 1846 700 quae
1884 637 2205 702 hymnorum
2242 655 2274 688 a
2311 640 2451 689 Luca
2483 640 2810 704 evangelista

424 723 742 771 traditorum
788 719 835 783 (1
856 759 870 783 ,
902 721 973 769 46
1002 736 1117 784 sqq.
1152 720 1219 768 68
1252 732 1366 784 sqq.
1401 720 1460 783 2,
1495 719 1564 769 29
1597 720 1736 784 sqq.)
1778 725 2020 785 exempla
2067 724 2333 773 habentur
2376 725 2430 773 in
2473 724 2589 775 cdd.
2625 726 2807 774 uncia-

423 806 565 856 libus
611 805 1029 869 Guelserbytano
1075 803 1137 865 (S.
1174 803 1295 867 IX),
1344 805 1626 855 Bodleiano
1671 804 1736 867 (S.
1769 804 1893 870 IX),
1940 806 2228 857 Veronensi
2273 806 2337 870 (s.
2373 807 2492 870 Vl),
2538 809 2808 860 Turicensi

425 889 487 952 (s,
526 890 670 954 VII),
718 889 1048 953 sangallensi
1096 887 1158 950 (s.
1194 889 1305 950 IX).
1372 889 1443 938 0³
1480 890 1650 939 edidit
1693 890 1865 940 Tisch.
1911 891 1969 939 in
2014 891 2206 942 Anecd.
2253 906 2382 942 sacr.
2429 898 2483 942 et
2529 895 2658 957 prof.
2693 909 2808 958 pag.

423 974 525 1024 206
572 991 687 1039 sqq.
737 972 809 1024 Od
859 974 1034 1023 locum
1083 973 1245 1023 habet
1288 973 1859 1025 in‘Monumentorum
1907 991 2125 1026 suorum
2161 978 2261 1026 vol.
2296 984 2503 1040 quart0.
2542 976 2611 1026 Oc
2649 977 2808 1027 Blan-

424 1060 615 1109 chinus
658 1059 825 1109 edidit
867 1059 925 1107 in
974 1058 1220 1121 psalterio
1267 1059 1463 1122 duplici
1498 1060 1639 1123 quod
1676 1060 1922 1109 adiunxit
1955 1060 2208 1110 vindiciis
2240 1061 2471 1111 canonic.
2506 1062 2808 1124 scriptun-ar.

426 1145 623 1194 Romae
654 1142 804 1193 1740.
866 1142 1139 1192 Accedunt
1173 1158 1316 1193 nunc
1348 1144 1481 1207 siglo
1518 1141 1583 1192 Of
1618 1144 1778 1194 iidem
1814 1145 2004 1208 hymni
2039 1159 2101 1195 ex
2138 1146 2386 1208 psalterio
2421 1145 2710 1195 Abrahami
2745 1147 2809 1195 de

426 1229 612 1278 Noross'
654 1229 751 1277 viri
786 1227 850 1276 de
886 1228 1253 1290 promovendis
1288 1228 1479 1277 litteris
1514 1229 1653 1291 apud
1688 1229 1885 1279 Russos
1919 1230 2245 1279 meritissimi
2280 1230 2539 1293 Petropoli
2576 1245 2607 1279 a
2638 1231 2808 1281 Tisch.

427 1314 621 1363 hausti.

359 1400 405 1448 Ο
433 1399 564 1462 siglo
592 1397 657 1447 ad
675 1397 930 1460 epistulas
950 1395 1096 1444 Pauli
1117 1396 1371 1445 indicavit
1386 1396 1559 1446 Tisch.
1580 1397 1764 1447 folium
1783 1398 1978 1460 duplex
1996 1398 2192 1446 saeculi
2213 1398 2322 1446 fere
2341 1397 2424 1461 Vl,
2443 1411 2550 1461 quo
2568 1399 2809 1448 contine-

425 1488 517 1532 tur
548 1481 582 1532 2
617 1481 732 1532 Cor.
766 1480 793 1530 1
817 1478 1129 1529 :ao—2:12
1162 1494 1223 1529 ex
1261 1480 1465 1530 oriente
1497 1479 1672 1531 Tisch.
1702 1496 1860 1545 opera
1879 1497 2018 1531 anno
2042 1480 2175 1531 1859
2202 1483 2497 1545 Petropoliu
2526 1484 2808 1546 perlatum.

358 1568 434 1618 Ob
485 1570 550 1619 ad
596 1583 709 1631 epp.
757 1566 910 1616 Pauli
957 1565 1144 1614 folium
1192 1564 1327 1614 dixit
1370 1565 1541 1615 Tisch.
1577 1567 1774 1615 saeculi
1809 1565 1906 1628 VI,
1952 1566 2092 1630 quod
2130 1580 2177 1614 a.
2211 1565 2344 1615 1868
2378 1566 2629 1630 Mosquae
2664 1567 2808 1616 vidit.

424 1654 676 1703 Continet
708 1652 837 1715 Eph.
872 1650 905 1699 4
940 1665 952 1700 :
988 1648 1181 1712 1—18,
1225 1650 1325 1698 nisi
1362 1649 1501 1712 quod
1539 1650 1736 1713 passim
1773 1650 2015 1699 nonnihil
2049 1650 2395 1699 desideratur.

359 1741 407 1788 Ρ
439 1739 597 1789 codex
641 1735 1094 1799 Guelferbytanus
1131 1733 1443 1796 rescriptuS,
1490 1735 1645 1783 cuius
1679 1735 1902 1797 antiqua
1935 1736 2066 1783 sacri
2103 1739 2285 1783 textus
2318 1735 2578 1797 scriptura
2612 1734 2806 1784 saeculi

425 1824 536 1873 fere
570 1817 701 1872 sexti
739 1820 1153 1884 superscriptum
1186 1818 1349 1867 habet
1371 1823 1580 1867 textum
1606 1818 1858 1868 Latinum
1885 1819 2066 1868 Isidori
2093 1819 2431 1882 Hispalensis.
2465 1817 2613 1876 Quae
2639 1821 2810 1880 legere

427 1913 633 1971 poterat
676 1905 843 1955 edidit
887 1903 1069 1953 Franc.
1118 1904 1239 1952 Ant.
1286 1903 1488 1951 Knittel
1535 1903 1591 1951 in
1641 1902 1828 1952 Ulfllae
1878 1903 2112 1952 versione
2158 1903 2381 1952 Gothica
2428 1905 2808 1952 nonnullorum

424 2006 570 2054 capp.
619 2005 699 2053 ep.
748 1988 894 2038 Paul.
940 1988 1003 2037 ad
1052 1988 1200 2036 Rom.
1249 1992 1347 2036 etc.
1394 1986 1666 2036 Brunsvic.
1712 1985 1892 2048 (1762)
1928 2002 1974 2050 p.
2010 1986 2258 2037 55—100.
2311 1986 2412 2036 Sed
2453 1989 2622 2036 multo
2657 1989 2808 2050 plura

427 2075 683 2124 Knittelio
728 2073 901 2122 Tisch.
949 2072 1117 2133 eruit,
1162 2085 1332 2134 eaque
1366 2071 1631 2133 continet,
1666 2071 1805 2134 quod
1842 2085 1983 2121 anno
2015 2069 2148 2120 1869
2181 2071 2399 2134 prodiit,
2433 2070 2809 2120 Monumento-

426 2173 546 2208 rum
591 2171 812 2206 suorum
859 2156 956 2205 vol.
1001 2154 1084 2205 Vl.
1122 2155 1441 2219 Fragmenta
1475 2157 1648 2205 multa
1681 2160 1810 2205 sunt
1845 2156 2042 2220 Lucae,
2092 2157 2273 2220 aliqua
2305 2155 2591 2217 Matthaei,
2644 2170 2810 2218 pauca

426 2242 587 2292 Marci
622 2246 676 2290 et
710 2241 933 2290 Ioannis.

362 2327 506 2375 Idem
540 2326 735 2389 siglum
772 2324 820 2372 P
854 2325 919 2374 ad
955 2325 1087 2374 Acta
1120 2323 1492 2386 Epistulasque
1526 2324 1838 2387 catholiam,
1879 2324 2008 2373 item
2043 2325 2108 2373 ad
2145 2324 2295 2374 Pauli
2331 2339 2445 2387 epp.
2482 2329 2538 2374 et
2569 2324 2634 2373 ad
2672 2326 2810 2388 Apo-

426 2410 662 2472 calypsin
709 2408 872 2457 codici
920 2408 1258 2470 palimpsesto
1292 2407 1439 2456 dedit
1476 2407 1649 2456 Tisch.
1681 2422 1715 2455 a
1751 2407 1989 2472 Porfyrio
2022 2408 2258 2471 episcopo
2290 2423 2354 2457 ex
2388 2410 2591 2458 oriente
2627 2409 2810 2459 Petro-

426 2493 566 2557 polin
614 2493 831 2556 perlate.
894 2489 1131 2554 Scriptus
1175 2497 1260 2541 est
1302 2491 1522 2540 ineunte
1571 2493 1680 2540 fere
1727 2492 1796 2540 lx
1843 2493 2082 2553 saecu103
2128 2498 2307 2542 textus
2352 2506 2471 2542 vero
2520 2507 2684 2556 quem
2719 2508 2811 2556 per

424 2592 537 2640 epp.
572 2590 743 2640 quum
778 2576 929 2625 Pauli
966 2581 1083 2625 tum
1108 2577 1425 2638 catholicae,
1460 2577 1589 2625 item
1616 2576 1671 2624 in
1696 2576 2008 2640 Apocalypsi
2035 2576 2276 2639 praebet,
2312 2591 2467 2640 prope
2492 2577 2559 2625 ad
2583 2577 2812 2640 optimos

426 2661 629 2711 accedit
660 2665 825 2710 testes
859 2660 1054 2723 quibus
1088 2662 1297 2710 litterae
1330 2674 1509 2710 sacrae
1543 2659 1794 2723 gaudent.

363 2746 404 2803 Q
436 2745 597 2795 codex
645 2745 1100 2809 Guelferbytanus
1156 2746 1457 2808 rescriptas.
1511 2743 1651 2793 Sunt
1697 2744 1996 2808 fragmenta
2040 2759 2151 2794 evv.
2200 2746 2371 2794 Lucae
2417 2751 2474 2795 et
2507 2745 2719 2796 loannis
2752 2748 2807 2796 in

425 2832 609 2880 eodem
645 2836 808 2894 atque
842 2830 891 2879 P
925 2830 1099 2880 codice
1133 2830 1319 2879 Isidori
1355 2834 1591 2893 reperta,
1626 2830 1837 2878 saeculo
1873 2829 1982 2878 sere
2019 2830 2332 2893 fragmentis
2365 2830 2414 2878 P
2448 2830 2634 2893 priora.

362 2915 404 2974 Q
453 2915 519 2964 ad
572 2930 685 2978 epp.
735 2915 885 2964 Pauli
933 2915 1200 2979 significat
1246 2915 1547 2979 fragmenta
1590 2913 1798 2976 aliquot
1841 2913 2100 2976 epistulae
2149 2913 2334 2977 prioris
2377 2914 2440 2962 ad
2481 2912 2809 2971 CorinthioS,

427 3015 565 3064 quae
609 3015 639 3049 e
684 3001 824 3049 foliis
868 3001 1176 3062 papyraceis
1221 2999 1399 3062 quinti
1446 3000 1558 3048 fere
1604 2999 1801 3048 saeculi
1849 3013 1882 3047 a
1927 2998 2218 3062 Porphyrio
2260 2999 2315 3047 in
2351 2999 2552 3046 oriente
2587 3001 2810 3060 repertis

425 3099 613 3133 eruere
646 3084 817 3133 Tisch.
853 3084 1089 3147 contigit.

360 3167 431 3217 Rl
477 3169 637 3218 codex
690 3168 975 3230 rescriptus
1021 3168 1189 3217 Musei
1238 3168 1527 3216 Britannici
1573 3181 1634 3215 ex
1686 3167 2003 3216 monasterio
2050 3166 2261 3231 Coptico
2296 3167 2488 3215 deserti
2527 3166 2810 3216 Nitriensis

425 3254 635 3302 allatus
705 3251 955 3301 Continet
1015 3252 1114 3300 sub
1177 3255 1326 3300 textu
1387 3251 1603 3314 Syriaco
1656 3251 1926 3300 uberrima
1975 3251 2233 3314 evangelii
2284 3250 2456 3301 Lucae
2507 3252 2811 3314 fragmenta

424 3339 635 3387 saeculo
670 3337 736 3385 VI
770 3338 980 3399 scripta.

359 3423 399 3469 S
442 3424 599 3472 codex
657 3422 942 3471 Vaticanus
992 3434 1071 3469 nr.
1122 3418 1236 3468 354.
1302 3419 1589 3482 Evangelia
1638 3424 1895 3482 quattuor
1942 3421 2147 3482 integra
2194 3418 2369 3468 habet.
2430 3419 2685 3469 Exaratus
2729 3427 2810 3469 est

425 3522 564 3557 anno
597 3505 712 3556 949.

368 3594 433 3640 T1¹
473 3593 583 3642 cod.
622 3591 913 3653 Borgianus
945 3587 971 3637 1
993 3627 1005 3651 ,
1041 3589 1093 3637 in
1131 3588 1349 3651 collegio
1385 3587 1623 3636 Romano
1657 3602 1751 3650 pro
1786 3587 2120 3650 propaganda
2155 3586 2257 3636 fide
2291 3587 2574 3649 depositus.
2625 3590 2808 3638 Conti-

426 3684 519 3726 net
580 3676 814 3739 capitum
875 3673 935 3737 6,
985 3673 1044 3736 7,
1089 3672 1122 3721 8
1168 3670 1427 3736 evangelii
1476 3672 1688 3721 Ioannis
1733 3672 2058 3736 fragmenta,
2125 3685 2265 3734 quae
2313 3672 2376 3721 ad
2423 3673 2565 3720 latus
2611 3672 2810 3722 habent

426 3762 721 3810 versionem
766 3758 987 3822 Coptam
1031 3756 1366 3806 Thebaicam.
1412 3755 1491 3804 Ad
1540 3756 1793 3819 quintum
1828 3761 1956 3804 sunt
1988 3756 2261 3805 saeculum
2293 3755 2586 3804 referenda.
2621 3756 2809 3806 Acces-

430 3950 476 4013 1)
548 3952 749 4000 Folium
815 3951 1152 4013 Tubingense
1215 3949 1347 4012 siglo
1402 3948 1450 3997 R
1503 3948 1642 4011 apud
1698 3947 2097 3997 Griesbacbium
2149 3953 2394 3997 notatum
2448 3948 2808 4012 fragmentum

365 4027 755 4088 evangelistarii
793 4035 889 4075 est.
926 4027 999 4075 De
1035 4026 1384 4089 Neapolitano
1418 4039 1541 4073 vero
1571 4023 1745 4074 codice
1770 4024 2048 4086 rescripto,
2083 4038 2244 4087 quem
2270 4024 2455 4073 eodem
2481 4025 2613 4088 siglo
2637 4025 2808 4077 Tiscli.

366 4101 633 4164 insignivit
668 4103 722 4150 in
759 4103 839 4151 ed.
876 4117 973 4152 sua
1007 4102 1071 4152 N.
1105 4102 1161 4151 Τ.
1196 4099 1346 4164 1894,
1382 4101 1496 4150 vide
1532 4101 1672 4149 infra
1704 4099 1803 4149 sub
1848 4097 1963 4148 Wb.
