3050 4459
1134 216 1230 268 ΚΑ
1248 216 1334 268 ΤΑ
1372 215 1499 268 ΙΩΑ
1512 216 1738 268 ΝΝΗΝ
2126 215 2182 273 7,
2217 214 2283 263 53
2316 230 2430 278 sqq.
2564 212 2662 263 267

340 354 552 408 interpol.
582 356 775 421 copt.wi
813 366 1043 407 armJJSC·
1059 354 1561 420 etcdd·1·0081¹t¹⁸81m·,
1596 358 1728 406 item
1762 357 1960 406 scholia
1990 369 2151 417 supra
2174 355 2453 417 adscripta.
2505 354 2662 403 Prae-

341 438 489 482 terea
535 438 829 495 agnoscunt
863 431 1193 482 Const.2‚2⁴.4
1228 431 1446 495 Synops.
1481 430 1640 493 (falso
1675 446 1737 482 ex
1777 447 1883 482 uno
1917 433 2028 481 cod.
2065 433 2205 481 inter
2237 445 2352 494 opp.
2388 429 2662 479 Athanasii

342 507 582 570 edita)1⁴2
628 510 719 558 ubi
768 516 885 571 post
928 508 1154 558 Iob.8=20
1199 509 1271 558 sic
1320 513 1672 558 memoratur:
1722 503 1953 556 ἐνταῦθα
1989 503 2050 556 τὰ
2083 502 2204 570 περὶ
2241 509 2332 569 τῆς
2365 520 2662 569 κατηγορη-

340 582 526 648 θείσης
576 580 660 633 ἐπὶ
708 582 918 648 μοιχείᾳ
970 584 1131 649 (quae
1178 585 1292 646 ipsa
1337 585 1704 648 interpolatori
1748 584 1926 633 deberi
1972 582 2258 644 videntur).
2310 583 2560 646 Euthym.
2596 582 2660 630 ad

344 661 395 711 h.
447 662 482 709 l.
535 660 624 709 sed
679 660 795 709 add.
841 655 946 723 χρὴ
994 654 1054 708 δὲ
1099 654 1379 722 γινώσκειν
1421 657 1498 707 ὅτι
1548 655 1609 708 τὰ
1654 655 1899 708 ἐντεῦθεν
1932 666 2029 710 etc.
2069 655 2214 723 παρὰ
2249 663 2353 713 τοῖς
2388 654 2663 724 ἀκριβέσιν

338 731 679 799 ἀντιγράφοις
735 732 765 798 ἢ
819 731 919 798 οὐχ
969 732 1183 799 εὕρηται
1240 731 1271 799 ἢ
1326 730 1621 799 ὠβέλισται.
1691 731 1774 783 διὸ
1826 732 2099 798 φαίνονται
2147 732 2517 799 παρέγγραπτα
2570 730 2661 783 καὶ

337 807 648 874 προσθήκη·
684 807 775 859 καὶ
812 807 997 859 τούτου
1033 807 1321 873 τεκμήριον
1354 805 1411 857 τὸ
1445 806 1585 873 μηδὲ
1619 806 1709 858 τὸν
1741 808 2108 874 χρυσόστομον
2136 808 2276 864 ὅλως
2302 813 2661 873 μνημονεῦσαι

338 883 533 936 αὐτῶν.
607 886 742 936 Hier.
796 885 938 941 (vide
989 887 1104 936 adv.
1162 887 1336 948 Pelag.
1388 885 1421 935 2
1458 886 1595 946 217)
1646 884 2035 936 Amb,epist.26‚2
2083 891 2182 935 etc.
2251 886 2495 949 Inprimis
2543 886 2661 934 vide

341 958 906 1026 Augeoniugmdultefi,
956 961 1044 1010 ubi
1091 960 1155 1010 ad
1205 962 1574 1011 vindicandam
1623 963 1916 1025 pericopam
1952 963 2110 1011 istam
2147 978 2172 1012 a
2213 963 2331 1012 falsi
2365 963 2661 1024 suspicione

341 1040 471 1089 haec
517 1036 724 1087 scribit:
772 1063 838 1072 —-
885 1039 1011 1100 quis
1046 1053 1156 1087 non
1190 1038 1468 1097 inteltiqat
1500 1037 1694 1088 debere
1729 1040 2001 1099 iquoscere
2034 1039 2305 1087 ntur-itum
2339 1038 2484 1100 quod
2517 1038 2663 1086 videt

337 1115 610 1177 iqnovisse
641 1114 929 1163 dominum
963 1138 1029 1146 —-
1063 1112 1169 1163 Sed
1206 1112 1300 1161 hoc
1336 1114 1582 1164 videlicet
1617 1114 1928 1176 infidelium
1962 1130 2150 1172 sensus
2185 1114 2454 1175 avlam-ret,
2489 1115 2566 1163 ita
2605 1119 2664 1160 ut

335 1189 592 1240 nonnulli
644 1189 886 1238 modicae
937 1189 1067 1251 fidei
1120 1191 1197 1238 vel
1246 1190 1428 1250 potius
1482 1190 1698 1238 inimici
1751 1205 1910 1239 verae
1958 1190 2115 1252 fidei,
2164 1191 2321 1239 credo
2368 1196 2663 1240 metuentes

336 1267 543 1329 peccati
586 1265 976 1326 impunitatem
1009 1264 1135 1313 dari
1170 1265 1491 1313 mulieribus
1525 1267 1667 1327 suis,
1715 1266 1850 1314 illud
1885 1266 2030 1328 quod
2062 1266 2128 1315 de
2162 1266 2443 1315 adulterae
2477 1267 2661 1315 indul-

338 1341 524 1404 9entia
574 1340 830 1388 dominus
882 1340 1010 1401 [ecit
1057 1339 1344 1400 auferrent
1388 1341 1454 1389 de
1500 1341 1650 1389 codd.
1698 1342 1825 1390 suis.
1879 1340 2138 1391 Similiter
2181 1356 2314 1391 saec.
2367 1341 2434 1391 10
2477 1342 2660 1391 Nicon.

335 1414 428 1477 (cs.
477 1412 761 1475 Gall.3·2'¹0)
816 1415 1038 1463 eiectam
1090 1430 1205 1464 esse
1250 1417 1365 1464 vult
1412 1416 1771 1465 narrationem
1809 1416 1875 1465 ab
1910 1416 2181 1480 ArmeniS‚
2229 1411 2498 1481 βλαβερὰν
2529 1410 2658 1465 εἶναι

336 1495 445 1545 τοῖς
476 1486 687 1545 πολλοῖς
721 1486 816 1553 τὴν
849 1487 1092 1553 τοιαύτην
1126 1487 1383 1554 ἀκρόασιν
1419 1492 1742 1541 dicentibus:
1779 1493 1830 1540 id
1867 1493 2006 1554 quod
2047 1497 2272 1556 uterque
2307 1507 2430 1541 cum
2467 1506 2662 1552 magna

338 1569 415 1617 rei
460 1567 665 1616 inscitia
710 1567 1050 1628 scripserunt.
1118 1566 1303 1616 Errore
1348 1568 1632 1616 manifesto
1679 1567 1842 1616 etiam
1887 1567 2145 1617 Tatianus
2192 1569 2272 1617 vel
2320 1568 2660 1630 Ammonius,

337 1642 467 1692 item
516 1642 636 1692 Eus,
684 1641 807 1691 Chr.
854 1642 1123 1705 pericopae
1170 1647 1333 1692 testes
1366 1644 1673 1692 laudantur.
1726 1642 1803 1693 Cf.
1839 1643 1919 1692 ed.
1958 1645 2138 1693 maior.
2162 1643 2344 1697 ‚Tisch.
2399 1643 2468 1692 Ex
2507 1644 2660 1692 testi-

340 1718 531 1767 moniis
564 1733 686 1767 vero
719 1718 978 1781 liturgicis
1012 1719 1233 1767 discitur
1265 1724 1408 1767 certe
1442 1719 1548 1766 iam
1587 1724 1763 1768 aetate
1793 1718 2030 1781 Gregorii
2063 1719 2130 1768 M.
2150 1721 2443 1782 pericopam
2465 1719 2660 1769 Romae

337 1794 443 1855 legi
476 1794 686 1842 solitam
722 1807 852 1842 esse.
905 1793 980 1842 De
1015 1793 1210 1857 quibus
1242 1794 1308 1843 cf.
1344 1794 1424 1843 ed.
1464 1795 1585 1843 mai.
1622 1794 1896 1844 Tischend.
1935 1810 1981 1857 p.
2018 1793 2132 1844 835.

404 1870 597 1919 Locum
651 1869 715 1918 de
766 1870 1007 1918 adultera
1060 1884 1163 1918 non
1216 1869 1281 1918 ab
1330 1869 1564 1918 Iohanne
1611 1870 1866 1933 scriptum
1914 1885 2029 1920 esse
2076 1871 2428 1919 certissimum
2465 1875 2564 1920 est.
2615 1870 2658 1919 A

336 1945 494 1994 tertio
541 1961 661 1995 vero
706 1946 829 1995 inde
874 1947 1084 1994 saeculo
1130 1945 1180 1994 in
1225 1944 1491 1993 codicibus
1527 1943 1739 1993 Graecis
1773 1950 1828 1993 et
1864 1945 2065 1994 Latinis
2098 1945 2201 2008 legi
2236 1952 2480 2008 coeptum
2516 1959 2658 2005 esse,

338 2025 401 2070 ut
452 2021 768 2070 auctoritate
819 2020 1010 2070 codicis
1058 2021 1107 2069 D
1157 2026 1212 2068 et
1263 2020 1420 2069 italae
1465 2019 1704 2068 codicum
1755 2020 1803 2080 b,
1837 2036 1883 2081 e,
1919 2022 1994 2069 ita
2030 2019 2485 2069 Constitutionum
2521 2035 2658 2082 quae

334 2096 590 2145 dicuntur
633 2097 1037 2159 apostolicarum
1084 2100 1249 2157 atque
1293 2096 1456 2144 etiam
1500 2095 1806 2157 Hieronymi
1842 2096 2145 2145 testimonio
2180 2096 2447 2145 docemur.
2500 2096 2658 2145 Prae-

336 2177 605 2220 tereamus
652 2184 791 2235 quae
826 2184 859 2219 a
893 2171 1098 2220 ratione
1132 2170 1391 2219 scribendi
1429 2174 1485 2217 et
1518 2168 1586 2218 ab
1621 2171 1870 2221 orationis
1907 2185 2044 2220 nexu
2084 2172 2408 2221 refellendae
2441 2173 2661 2235 originis

337 2246 636 2295 Iohanneae
694 2246 931 2295 subsidia
980 2245 1241 2295 sumenda
1293 2250 1434 2294 sunt.
1506 2244 1658 2294 Unde
1709 2261 1830 2295 vero
1884 2246 2096 2295 {luxerit
2151 2247 2369 2297 historia
2420 2248 2522 2297 ista
2573 2248 2656 2297 vix

333 2320 558 2370 dubium
608 2326 703 2371 est.
757 2320 904 2380 Quod
954 2322 1095 2370 enim
1139 2319 1399 2370 Eusebius
1433 2346 1498 2355 —-
1535 2336 1696 2384 quem
1734 2321 1931 2385 pariter
1964 2327 2129 2385 atque
2165 2321 2446 2385 Origenem
2484 2321 2656 2385 Chry-

331 2403 624 2447 sostomum
662 2397 923 2461 Cyrillum
958 2398 1225 2459 ignorasse
1260 2395 1722 2458 interpolationem
1757 2397 2016 2457 evangelii
2053 2396 2307 2446 Iohannei
2338 2398 2656 2447 verisimilli-

333 2488 483 2522 mum
537 2478 618 2522 est
667 2498 734 2506 —-
786 2474 906 2522 hist.
958 2473 1081 2522 eccl.
1133 2470 1207 2520 3:
1238 2469 1320 2531 39,
1365 2470 1429 2519 de
1478 2471 1638 2533 Papia
1681 2472 1866 2521 refert:
1911 2467 2201 2520 ἐκτὲθειται
2248 2468 2308 2521 δὲ
2354 2469 2446 2522 καὶ
2494 2470 2657 2537 ἄλλην

332 2545 567 2611 ἱστορίαν
606 2543 729 2611 περὶ
776 2542 1024 2610 γυναικὸς
1069 2542 1153 2595 ἐπὶ
1198 2542 1411 2599 πολλαῖς
1458 2542 1737 2608 ἁμαρτίαις
1778 2543 2155 2611 ὁιαβληθείσης
2187 2543 2272 2596 ἐπὶ
2307 2552 2399 2596 τοῦ
2434 2546 2656 2611 κυρίου,

334 2619 401 2686 ἣν
446 2619 504 2671 τὸ
548 2620 679 2672 καθ’
725 2619 972 2687 ἕβραίους
1018 2618 1315 2686 εὐαγγέλιον
1357 2617 1615 2683 περιέχει,
1663 2622 1712 2670 id
1763 2623 1996 2672 maxima
2027 2638 2150 2673 cum
2188 2624 2557 2685 probabilitate
2589 2625 2652 2673 ad

330 2698 685 2763 indagandam
741 2699 1159 2762 interpolationis
1210 2697 1507 2746 lohanneae
1553 2698 1814 2759 originem
1856 2699 2157 2748 adhibetur.
2227 2699 2334 2749 Nec
2380 2699 2656 2761 negligen-

335 2774 461 2823 dum
512 2775 645 2824 illud
681 2781 788 2836 est,
835 2775 975 2839 quod
1013 2774 1265 2827 Rufinus,
1306 2786 1468 2835 quem
1505 2772 1696 2835 Papiae
1729 2773 1926 2823 librum
1962 2780 2017 2823 et
2049 2776 2384 2838 evangelium
2417 2775 2549 2824 illud
2586 2774 2653 2823 ab

334 2849 655 2914 Hieronymo
701 2850 911 2914 aequali
954 2850 1151 2900 Graece
1195 2854 1249 2897 et
1296 2847 1479 2896 Latine
1526 2862 1739 2897 versum
1785 2850 2085 2900 accuratius
2124 2865 2277 2900 nosse
2310 2850 2655 2914 probabiliter

328 2924 642 2985 conieceris‚
694 2926 748 2974 in
802 2924 1237 2987 interpretatione
1289 2922 1461 2984 operis
1512 2921 1795 2971 Eusebiani
1845 2924 1899 2972 in
1953 2924 2128 2975 locum
2179 2926 2460 2975 verborum
2513 2940 2652 2989 quae

328 3015 491 3063 supra
534 3001 911 3064 adscripsimus
958 3015 1060 3049 non
1107 2999 1369 3048 dubitavit
1415 2998 1706 3047 historiam
1740 2999 1807 3047 de
1842 3001 2072 3050 muliere
2105 3002 2356 3051 adultera
2389 3018 2530 3065 quae
2561 3017 2650 3050 ac-

326 3083 515 3125 cusata
550 3083 628 3127 est
663 3092 698 3125 α
736 3076 949 3126 Iudaeis
980 3077 1129 3139 apud
1162 3075 1449 3124 dominum
1482 3074 1808 3123 substituere
1843 3074 2253 3136 (Tischendorf).

400 3152 694 3201 Harnackio
728 3152 938 3205 videtur
969 3153 1206 3217 pericope
1241 3151 1305 3198 de
1340 3148 1585 3198 adultera
1617 3163 1678 3197 ex
1713 3164 1898 3213 evang.
1951 3150 2090 3199 Petri
2123 3152 2174 3200 in
2206 3166 2283 3200 ev.
2312 3152 2427 3201 Joh.
2447 3152 2651 3201 venisse

326 3224 718 3286 (Bruchstiicke
768 3224 858 3275 des
911 3228 998 3276 Ev.
1048 3228 1156 3276 und
1199 3227 1292 3275 der
1326 3225 1480 3287 Apoc.
1516 3227 1609 3275 des
1645 3224 1861 3287 PetruS‚
1895 3223 2066 3285 1892).
2137 3227 2305 3276 Resch
2342 3225 2650 3287 (Ausserca-

332 3301 583 3350 nonische
618 3301 991 3351 Paralleltexte
1026 3317 1087 3350 zu
1124 3302 1237 3350 Joh.
1273 3298 1423 3361 1896,
1458 3300 1512 3349 S.
1546 3298 1668 3361 118)
1702 3301 1884 3349 scribit
1912 3301 1976 3349 de
2010 3303 2245 3364 pericope
2269 3301 2645 3352 ,Ionan—11

330 3378 563 3438 „welche
615 3376 699 3426 ich
752 3377 805 3425 in
856 3378 1067 3426 keinem
1118 3378 1260 3426 Falle
1309 3376 1397 3425 fiir
1429 3376 1782 3425 Johanneisch
1822 3377 1994 3433 halte,
2049 3378 2187 3426 wohl
2225 3377 2349 3426 aber
2383 3378 2461 3426 als
2494 3378 2650 3427 einen

332 3452 596 3515 Ausnuse„
649 3455 726 3502 als
778 3455 935 3503 einen
982 3454 1172 3502 echten
1224 3452 1351 3501 Rest
1396 3452 1489 3500 der
1539 3452 1979 3502 vorcanonisclien
2027 3453 2402 3516 synoptischen
2437 3451 2652 3502 Grund-

325 3528 418 3577 sch
427 3529 566 3578 rial·
