3050 4459
1123 244 1220 296 ΚΑ
1236 244 1321 297 TA
1361 244 1787 299 ΜΑΘΘΑΙΟΝ
2270 246 2360 308 24,
2395 243 2476 295 ιο.
2612 244 2677 293 55

206 379 527 446 μισούμενοι
578 380 680 432 ὑπὸ
731 380 945 433 πάντων
997 387 1105 432 τῶν
1147 380 1325 434 ἐθνῶν
1369 380 1457 434 διὰ
1504 381 1563 435 τὸ
1608 382 1776 448 ὄνομά
1822 401 1948 447 μου.
2001 384 2068 434 10
2111 380 2203 433 καὶ
2247 381 2360 431 τότε
2394 378 2677 431 σκανδαλι-

208 463 507 530 σθήσονται
557 464 741 517 πολλοὶ
791 464 884 517 καὶ
929 464 1188 532 ἀλλήλους
1232 465 1646 533 παραδώσουσιν
1679 465 1772 519 καὶ
1806 465 2122 532 μισήσουσιν
2156 463 2428 531 ἀλλήλους.
2484 465 2543 516 11
2583 461 2676 514 καὶ

205 548 400 600 πολλοὶ
450 548 898 616 ψευδοπροφῆται
947 548 1323 617 ἐγερθήσονται
1375 549 1467 603 καὶ
1518 547 1875 618 πλανήσουσιν
1921 549 2163 608 πολλούς.
2227 552 2294 602 12
2343 547 2436 601 καὶ
2482 546 2569 600 διὰ
2616 548 2674 599 τὸ
2781 594 2822 625 ¹⁰
2853 595 2896 626 22

206 631 594 699 πληθυνθῆναι
640 631 736 700 τὴν
780 632 1005 698 ἀνομίαν
1046 634 1340 701 ψυγήσεται
1386 634 1419 701 ἢ
1467 633 1644 702 ἀγάπη
1693 640 1800 687 τῶν
1843 634 2072 687 πολλῶν.
2134 635 2199 686 13
2231 633 2262 684 ὁ
2295 632 2356 684 δὲ
2387 631 2676 697 ὑπομείνας
2731 647 2795 679 κο.
2820 617 2869 680 ιτ).
2894 648 2933 679 1³

208 715 292 774 εἰς
340 716 512 780 τέλος,
557 715 711 774 οὗτος
747 717 1067 785 σωθήσεται.
1118 721 1186 771 14
1218 719 1312 771 καὶ
1346 719 1750 787 κηρυχθήσεται
1786 726 1941 772 τοῦτο
1975 718 2033 770 τὸ
2066 717 2365 785 εὐαγγέλιον
2398 723 2491 785 τῆς
2521 717 2674 785 βασι·
2715 699 2790 741 ‘¹⁴⁶'
2811 701 2863 736 ²¹⁹
2888 702 2942 738 ω)

208 800 359 858 λείας
407 800 464 853 ἐν
513 801 609 868 ὅλῃ
657 808 722 869 τῇ
767 801 1058 870 οἴκουμένῃ
1106 803 1181 861 εἷς
1224 803 1518 870 μαρτύριον
1562 810 1722 856 πᾶσιν
1769 812 1874 862 τοῖς
1907 804 2142 866 ἔθνεσιν,
2193 802 2286 854 καὶ
2321 802 2434 854 τότε
2469 803 2583 869 ἥξει
2617 799 2675 852 τὸ
2769 833 2832 864 15-
2851 833 2907 864 ,25

208 884 377 943 τέλος.
430 889 498 939 15
521 887 684 940 ’Όταν
728 885 824 939 οὖν
869 888 1013 955 ἴδητε
1048 887 1106 939 τὸ
1139 888 1410 956 βδέλυγμα
1444 896 1538 957 τῆς
1573 888 1899 955 ἐρημώσεως
1934 887 1992 940 τό
2027 886 2198 954 ῥηθὲν
2228 885 2316 939 διὰ
2352 885 2549 953 Δανιὴλ
2583 892 2677 938 τοῦ
2706 886 2832 971 {fg-2}
2857 887 2928 972 ἓξ
2953 887 2994 918 ²²¹

206 969 502 1037 προφήτου
536 971 685 1029 ἑστὸς
717 971 773 1022 ἐν
807 971 954 1038 τόπῳ
987 972 1122 1040 ἁγίῳ
1139 1013 1152 1034 ,
1186 973 1218 1024 ὁ
1249 973 1635 1040 ἀναγινώσκων
1667 973 1854 1025 νοείτω
1869 1012 1884 1035 ,
1929 975 1995 1025 16
2028 972 2142 1024 τότε
2177 973 2232 1023 οἵ
2259 970 2316 1023 ἕν
2350 978 2414 1038 τῇ
2442 970 2674 1037 Ἰουδαίᾳ
2737 963 2875 1026 nauso.
2898 951 2960 1025 εἷ’

208 1053 547 1122 φευγέτωσιν
588 1054 674 1107 ἐπὶ
722 1055 782 1108 τὰ
828 1057 960 1123 ὄρη,
1010 1059 1075 1109 17
1123 1057 1155 1108 ὁ
1196 1057 1281 1110 ἐπὶ
1327 1064 1420 1110 τοῦ
1469 1057 1717 1123 δώματος
1761 1057 1837 1125 μὴ
1886 1056 2172 1124 καταβάτω
2218 1054 2341 1122 ἆραι
2387 1055 2449 1108 τὰ
2482 1053 2545 1107 ἐκ
2582 1061 2673 1122 τῆς

206 1140 390 1198 οἰκίας
422 1141 617 1202 αὐτοῦ,
653 1143 717 1193 18
752 1139 844 1193 καὶ
879 1141 911 1192 ὁ
942 1140 1000 1193 ἒν
1033 1149 1109 1209 τῷ
1143 1141 1293 1209 ἀγρῷ
1326 1142 1402 1210 μὴ
1438 1141 1809 1210 ἐπιστρεψάτω
1835 1142 2007 1195 ὀπίσω
2031 1141 2155 1208 ἆραι
2181 1140 2239 1193 τὸ
2263 1140 2468 1207 ἱμάτιον
2489 1139 2671 1192 αὐτοῦ.

208 1227 282 1277 19
316 1224 438 1277 οὐαὶ
472 1223 532 1276 δὲ
566 1232 676 1283 ταῖς
709 1225 767 1277 ἐν
800 1226 981 1293 γαστρὶ
1013 1225 1259 1293 ἐχούσαις
1294 1226 1385 1279 καὶ
1420 1234 1532 1285 ταῖς
1566 1227 1925 1294 θηλαζούσαις
1958 1226 2016 1278 ἐν
2048 1226 2273 1283 ἐκείνως
2301 1233 2412 1283 ταῖς
2434 1223 2670 1292 ἡμέραις.

205 1311 282 1361 20
342 1309 710 1376 προσεύχεσθε
771 1309 830 1362 δὲ
889 1311 974 1363 ἴνα
1024 1310 1100 1377 μὴ
1151 1311 1357 1379 γένηται
1409 1311 1443 1378 ἦ
1499 1311 1643 1379 φυγὴ
1696 1311 1853 1378 ὑμῶν
1904 1318 2167 1378 χειμῶνος
2215 1307 2354 1377 μηδὲ
2402 1307 2670 1377 σαββάτῳ.

205 1395 273 1446 21
314 1393 459 1445 ἔσται
491 1392 591 1460 γὰρ
627 1395 741 1446 τότε
775 1393 963 1460 θλίψις
994 1394 1226 1462 μεγάλη,
1263 1396 1347 1448 οἵα
1383 1395 1487 1447 οὐκ
1522 1394 1724 1462 ἐγένετο
1757 1394 1845 1448 ἀπ’
1883 1394 2055 1462 ἀρχῆς
2089 1395 2298 1460 κόσμου
2333 1395 2436 1451 ἕως
2461 1400 2552 1446 τοῦ
2577 1400 2673 1444 νῦν

206 1478 332 1531 οὐδ’
368 1477 435 1530 οὗ
468 1476 546 1545 μὴ
581 1478 805 1546 γένηται.
840 1481 907 1530 22
940 1478 1032 1531 καὶ
1067 1479 1117 1531 εί
1145 1479 1221 1547 μὴ
1257 1479 1680 1548 ἐκολοβώθησαν
1713 1481 1773 1532 αἱ
1791 1479 1984 1547 ἡμέραι
2008 1478 2233 1541 ἐκεῖναι,
2268 1477 2371 1530 οὐκ
2397 1477 2462 1529 ἂν
2484 1475 2670 1544 ἐσώθη

203 1569 358 1615 πᾶσα
392 1561 545 1629 σάρξ·
582 1561 669 1614 διὰ
705 1561 765 1614 δὲ
798 1562 921 1620 τοὺς
955 1563 1240 1622 ἐκλεκτοὺς
1274 1565 1749 1632 κολοβωθήσονται
1787 1566 1846 1618 αἶ
1876 1564 2068 1632 ἡμέραι
2102 1564 2316 1616 ἐκεῖναι.
2352 1564 2420 1615 23
2447 1563 2560 1614 τότε
2580 1560 2672 1614 ἐάν

208 1667 290 1706 τις
325 1647 452 1713 ὑμῖν
484 1647 622 1714 εἴπῃ·
667 1644 784 1699 ἰδοὺ
821 1644 931 1699 ὧδε
965 1647 997 1698 ὁ
1030 1647 1291 1714 Χριστός,
1339 1647 1371 1715 ἢ
1408 1647 1545 1711 ὧδε,
1577 1648 1654 1717 μὴ
1688 1648 2012 1715 πιστεύσητε.
2065 1652 2129 1701 24
2163 1647 2538 1715 ἐγερθήσονται
2571 1645 2671 1713 γὰρ

206 1731 593 1798 ψευδόχριστοι
628 1730 721 1783 καὶ
754 1732 1232 1799 ψευδοπροφῆται,
1269 1731 1361 1784 καὶ
1395 1732 1664 1785 δώσουσιν
1697 1740 1889 1799 σημεῖα
1921 1731 2120 1799 μεγάλα
2155 1731 2248 1783 καὶ
2282 1729 2498 1797 τέρατα,
2533 1730 2670 1782 ὥστε

207 1815 578 1882 πλανηθῆναι,
612 1814 662 1866 εἶ
692 1815 945 1879 δυνατόν,
978 1816 1071 1867 καὶ
1106 1815 1228 1874 τοὺς
1261 1816 1563 1874 ἐκλεκτούς.
1599 1820 1667 1869 25
1700 1816 1818 1869 ἰδοὺ
1850 1817 2149 1884 προείρηκα
2183 1815 2325 1881 ὑμῖν.
2360 1817 2428 1867 26
2454 1813 2546 1866 ἐὰν
2570 1812 2667 1866 οὖν
2707 1845 2764 1876 Μ,
2785 1793 2943 1882 ἴξῖξῃ

208 1899 435 1951 εἴπωσιν
478 1898 619 1965 ὑμῖν·
668 1898 785 1951 ἰδοὺ
832 1899 889 1951 ἐν
932 1908 995 1967 τῇ
1040 1899 1227 1967 ε’ρήμφ
1269 1900 1435 1964 ἐστίν,
1480 1901 1557 1968 μὴ
1592 1900 1858 1968 ἐξέλθητε·
1906 1900 2023 1953 ἰδοὺ
2057 1900 2115 1952 ἐν
2147 1907 2254 1958 τοῖς
2288 1899 2547 1966 ταμείοις,
2591 1897 2667 1966 μὴ

207 1983 537 2051 πιστεύσητε.
587 1985 653 2036 2Ἱ
701 1983 883 2050 ὥσπερ
926 1983 1028 2050 γὰρ
1076 1984 1108 2052 ἡ
1144 1985 1385 2052 ἀστραπὴ
1419 1984 1685 2052 ἐξέρχεται
1719 1984 1826 2038 ἀπὸ
1860 1984 2133 2038 ἀνατολῶν
2165 1983 2258 2036 καὶ
2293 1984 2533 2051 φαίνεται
2566 1982 2670 2041 ἕως

210 2069 464 2134 δυσμῶν,
515 2068 687 2127 οὕτως
737 2068 878 2121 ἔσται
928 2069 960 2137 ἦ
1009 2070 1274 2137 παρουσία
1321 2077 1414 2122 τοῦ
1460 2071 1580 2122 υίοῢ
1628 2078 1720 2122 τοῦ
1766 2070 2078 2137 ἀνθρώπου.
2131 2072 2197 2122 ‘28
2241 2069 2379 2120 ὅπου
2426 2067 2491 2119 ἄν
2536 2067 2571 2134 ᾗ
2608 2066 2666 2119 τὸ
2733 2057 2924 2142 ’ξυιζζῗ

208 2158 436 2216 πτῶμα,
468 2151 587 2204 ἐκεῖ
615 2151 1042 2219 συναχθήσονται
1078 2155 1133 2205 οἱ
1161 2153 1318 2206 ἀετοί.
1351 2157 1418 2207 29
1448 2153 1678 2212 Εὐθέως
1712 2152 1773 2207 δὲ
1803 2153 1936 2220 μετὰ
1969 2153 2063 2220 τὴν
2096 2153 2286 2219 θλίψιν
2315 2159 2422 2203 τῶν
2451 2151 2668 2218 ἡμερῶν
2695 2163 2760 2195 Mc-
2783 2165 2830 2200 1³.
2849 2167 2888 2196 2⁴
2948 2167 2983 2229 ξιξ

209 2235 437 2288 ἐκείνων
480 2235 512 2287 ὁ
556 2235 703 2302 ἥλιος
748 2235 1155 2304 σκοτισθήσεται
1199 2236 1292 2291 καὶ
1339 2238 1373 2306 ἦ
1408 2237 1603 2305 σελήνη
1640 2237 1704 2290 οὐ
1739 2239 1900 2290 δώσει
1937 2237 1995 2290 τὸ
2029 2237 2221 2306 φέγγος
2255 2236 2447 2304 αὐτῆς,
2491 2236 2583 2288 καὶ
2617 2237 2673 2288 οἵ
2695 2217 2753 2249 '⁶⁶'
2775 2219 2827 2254 ρι’
2847 2218 2891 2249 ²⁵
2937 2222 2988 2248 ’Μ

210 2320 426 2386 ἀστέρες
457 2328 738 2373 πεσοῦνται
773 2319 879 2373 ἀπὸ
914 2328 1006 2374 τοῦ
1042 2321 1303 2388 οὐρανοῦ,
1339 2322 1432 2375 καὶ
1467 2323 1527 2375 αἶ
1557 2322 1805 2388 δυνάμεις
1835 2328 1943 2375 τῶν
1965 2322 2213 2389 οὐρανῶν
2235 2320 2666 2389 σαλευθήσονται.

208 2408 280 2457 30
314 2403 407 2457 καὶ
442 2406 556 2456 τότε
584 2404 874 2472 φανήσεται
903 2405 962 2457 τὸ
987 2414 1205 2473 σημεῖον
1230 2414 1323 2460 τοῦ
1348 2408 1467 2460 υἱοῦ
1496 2415 1586 2459 τοῦ
1613 2407 1908 2474 ἀνθρώπου
1931 2406 1988 2458 ἓν
2011 2406 2254 2474 οὐρανῷ,
2288 2405 2381 2459 καὶ
2405 2406 2668 2473 κόψονται

206 2498 375 2543 πᾶσαι
426 2491 485 2543 αἱ
527 2490 692 2558 φυλαὶ
735 2497 827 2558 τῆς
873 2498 969 2559 γῆς
1004 2491 1096 2545 καὶ
1132 2493 1354 2560 ὄψονται
1392 2491 1480 2544 τὸν
1513 2491 1630 2544 υἶόν
1666 2499 1756 2545 τοῦ
1791 2491 2087 2559 ἀνθρώπου
2122 2491 2410 2560 ἐρχόμενον
2443 2491 2527 2543 ἐπὶ
2562 2497 2670 2544 τῶν

205 2575 455 2642 νεφελῶν
500 2583 591 2628 τοῦ
639 2575 872 2643 οὐρανοῦ
916 2575 1049 2642 μετὰ
1096 2576 1376 2644 δυνάμεως
1422 2576 1514 2629 καὶ
1552 2576 1712 2644 δόξης
1745 2577 1960 2644 πολλῆς.
2018 2578 2078 2630 31
2117 2576 2209 2629 καὶ
2243 2575 2520 2629 ἀποστελεῖ
2549 2575 2670 2633 τοὺς

205 2660 459 2729 ἀγγέλους
492 2660 656 2714 αὐτοῦ
690 2660 824 2727 μετὰ
858 2661 1137 2730 σάλπιγγος
1171 2661 1431 2730 μεγάλης,
1464 2661 1560 2715 καὶ
1594 2661 1996 2723 ἐπισυνάξουσιν
2031 2661 2153 2719 τοὺς
2186 2653 2471 2719 ἐκλεκτοὺς
2505 2659 2668 2713 αὐτοῦ

2723 2377 2829 2416 A-ben'.
2855 2378 2880 2410 1,
2903 2377 2920 2406 ῗ

207 2909 289 2959 15.
345 2924 492 2963 εστος
527 2924 650 2958 cum
686 2906 1205 2961 ⁸13³*DhFGHLVIL
1274 2925 1440 2964 εστως
1475 2925 1598 2959 cum
1637 2905 2098 2960 BssJEKMSUF.

208 2985 291 3036 16.
343 3001 429 3033 επι
463 2999 587 3034 cum
622 2982 862 3036 nLZFH.
896 3002 972 3039 εις
1007 3001 1131 3036 cum
1169 2982 1332 3035 ΒΗΛ.

209 3061 291 3111 17.
346 3057 633 3124 καταβάτω
659 3076 782 3110 cum
800 3061 1033 3113 xBDLZ.
1069 3058 1432 3125 καταβαινετω
1451 3077 1576 3111 cum
1596 3058 1649 3110 Γ
1641 3058 1759 3110 ΔΠ.
1778 3086 1845 3096 -
1863 3077 1923 3109 τα
1943 3076 2064 3110 cum
2085 3059 2587 3122 aet-(hommum
2598 3060 2666 3112 Π.

346 3152 391 3184 τι
427 3150 551 3185 cum
586 3136 638 3184 D
669 3136 727 3185 it.
766 3151 849 3200 vg.

209 3211 290 3282 1ἰῂ.
345 3225 404 3259 το
438 3226 646 3272 ιματιον
679 3225 803 3260 cum
838 3209 1176 3263 aeBDKLZH.
1230 3229 1291 3262 τα
1327 3230 1504 3276 ιματια
1541 3229 1662 3263 cum
1702 3211 1753 3262 Γ
1745 3211 1807 3272 Δ,
1847 3215 1879 3274 s,
1915 3221 2052 3276 sym)
2079 3228 2211 3262 arm.

210 3287 290 3337 20.
343 3282 597 3350 σαββατω
632 3300 756 3335 cum
792 3284 1229 3337 »BKSUVFAIL
1274 3303 1333 3336 εν
1360 3286 1613 3353 σαββατω
1639 3304 1759 3338 cum
1788 3288 2005 3338 EF'GH.
2058 3285 2330 3352 σαββατου
2355 3305 2476 3339 cum
2501 3290 2668 3340 DLM.

209 3362 291 3412 21.
347 3377 448 3410 ουκ
486 3376 690 3425 εγενετο
725 3376 847 3410 cum
883 3363 981 3413 RD.
1034 3379 1099 3412 ov
1133 3379 1342 3427 γεγονεν
1377 3378 1500 3413 cum
1537 3363 1701 3431 BLZ.⁴
1738 3363 1869 3413 vide
1904 3364 2001 3414 Me.
2036 3363 2102 3413 13
2137 3380 2147 3413 ;
2184 3364 2265 3414 19.

208 3438 292 3489 23.
342 3454 653 3501 πιστευσητε
687 3454 811 3488 cum
847 3439 1030 3491 xDLZ.
1079 3455 1345 3488 πιστευετε
1380 3455 1500 3488 cum
1538 3437 1638 3498 13⁴⁶,
1672 3437 1786 3488 262.

209 3514 293 3565 24.
340 3510 677 3577 πλανηθῆναι
713 3528 835 3563 cum
872 3515 969 3565 xD.
1023 3515 1110 3564 LZ
1138 3511 1453 3564 πλανασθαι.
1506 3513 1657 3564 ΒΧΓ
1650 3512 1761 3563 ΔΠ
1788 3513 1872 3564 it.5
1904 3511 2179 3578 πλανησαι.

207 3589 291 3640 27.
344 3605 485 3638 εσται
521 3604 644 3639 cum
680 3586 982 3641 xBDXFH.
1034 3606 1177 3639 εσται
1212 3607 1303 3639 και
1340 3607 1464 3641 cum
1499 3589 1598 3640 ΜΔ
1641 3606 1721 3654 vg.

207 3663 289 3716 28.
345 3679 481 3713 οπου
530 3679 630 3727 γαρ
682 3667 872 3726 legunt
924 3663 1130 3715 ΧΓΔΠ
1168 3665 1253 3716 it.3
1297 3676 1439 3730 sym)
1491 3682 1621 3716 arm.
1657 3692 1723 3700 —-
1757 3682 1822 3714 αν
1869 3681 1990 3716 cum
2027 3667 2089 3716 D.
2143 3668 2243 3716 Alii
2278 3668 2425 3717 codd.
2460 3684 2565 3717 εαν.

206 3739 290 3791 29.
343 3754 451 3787 απο
485 3754 609 3788 cum
645 3736 954 3790 BLXFAH.
1007 3758 1070 3790 εκ
1105 3758 1227 3792 cum
1265 3744 1365 3804 RD,
1402 3744 1515 3792 Bas,
1551 3741 1599 3805 2,
1634 3741 1714 3790 37.

207 3815 292 3865 30.
345 3830 403 3862 εν
450 3830 664 3876 ουρανω
713 3830 835 3865 cum
873 3816 1014 3867 xBL,
1068 3833 1125 3864 εν
1158 3833 1234 3865 τω
1270 3833 1385 3880 ουρ.
1423 3832 1547 3867 cum
1585 3814 1686 3864 ΧΓ
1679 3811 1797 3864 ΔΠ.
1848 3831 1940 3863 του
1975 3832 2033 3864 εν
2066 3832 2312 3879 ουρανοις
2347 3834 2468 3868 curn
2505 3820 2568 3868 D.
2601 3843 2668 3851 —

346 3891 485 3939 Ante
518 3905 781 3953 κοψονται
819 3893 1008 3956 legunt
1041 3893 1210 3954 ⁸081„
1249 3908 1328 3957 vg.
1364 3908 1492 3941 τοτε.
1546 3892 1670 3941 Post
1703 3906 1966 3954 κόψονται
2004 3893 2133 3956 legit.
2167 3893 2215 3941 D
2249 3909 2377 3954 τοτε.

204 3967 288 4018 31.
342 3966 483 4015 Ante
511 3962 740 4030 μεγαλης
771 3969 959 4030 legunt
988 3965 1195 4016 BXFJI
1211 3983 1415 4031 φωνης.
1451 3968 1551 4016 Pro
1575 3983 1679 4021 εως
1704 3964 2085 4029 (κΠὶΧΓΔΠ)
2112 3969 2239 4031 legit
2265 3970 2313 4017 B
2334 3985 2438 4023 εως
2463 3985 2582 4017 των.
2601 3996 2667 4004 -

342 4042 407 4105 D,
443 4041 494 4104 b,
527 4058 571 4105 c,
610 4043 660 4104 h,
695 4058 729 4106 q
765 4043 971 4092 addunt
1006 4050 1123 4106 post
1154 4059 1358 4093 αυτων;
1393 4059 1710 4107 αρχομενων
1734 4039 1793 4090 δε
1819 4058 2021 4091 τουτων
2045 4040 2310 4106 γεινεοθαι
2334 4041 2665 4108 αναβλεψατε

338 4133 437 4167 και
472 4133 701 4181 επαρατε
734 4134 824 4173 τας
858 4115 1099 4182 κεφαλας
1133 4135 1288 4182 υμων
1323 4116 1454 4168 διοτι
1489 4116 1704 4182 εγγειζει
1739 4135 1772 4181 η
1811 4114 2203 4182 απολυτρωσεις
2239 4135 2408 4182 υμων.
