3050 4459
1104 251 1305 305 ΚΑΤΑ
1344 251 1768 306 ΜΑΘΘΑΙΟΝ
2246 253 2338 314 25,
2373 252 2455 302 28,
2591 253 2657 302 59

187 391 379 445 ἐλθὼν
411 390 517 458 ἐγὼ
552 390 885 458 ἐκομισάμην
918 390 984 443 ἄν
1017 391 1075 442 τὸ
1108 390 1238 456 ἐμὸν
1271 389 1369 443 σὺν
1403 391 1566 457 τόκῳ.
1602 394 1669 443 ‘28
1702 391 1863 456 ἄρατε
1891 388 1988 442 οὖν
2015 388 2101 442 ἀπ’
2135 388 2299 442 αὐτοῦ
2326 389 2383 441 τὸ
2407 389 2656 442 τάλαντον

186 475 290 528 καὶ
343 476 464 527 δότε
514 482 590 542 τῷ
639 475 809 542 ἔχοντι
862 474 925 527 τὰ
973 474 1106 527 δέκα
1160 474 1396 527 τάλαντα.
1465 477 1533 527 29
1579 482 1654 541 τῷ
1698 473 1798 541 γὰρ
1844 475 2014 542 ἔχοντι
2054 474 2207 526 παντὶ
2241 473 2529 541 δοθήσεται
2562 474 2655 528 καὶ

188 559 686 627 περισσευθήσεται·
723 567 815 612 τοῦ
851 559 911 612 δὲ
941 559 1019 627 μὴ
1054 559 1295 627 ἔχοντος,
1331 559 1423 612 καὶ
1458 561 1490 611 ὃ
1522 560 1630 627 ἔχει
1664 559 1956 627 ἀρθήσεται
1989 558 2077 611 ἀπ’
2116 558 2297 612 αὐτοῦ.
2340 561 2406 613 30
2439 559 2532 613 καὶ
2567 560 2657 613 τὸν

186 644 415 712 ἀχρεῖον
464 644 657 698 δοῦλον
701 644 951 713 ἐκβάλετε
995 645 1069 704 εἰς
1114 644 1173 697 τὸ
1220 646 1411 703 σκότος
1445 645 1503 697 τὸ
1537 643 1813 711 ἐξώτερον·
1860 643 1980 696 ἐκεῖ
2007 644 2146 696 ἔσται
2184 644 2217 695 ὅ
2246 644 2529 712 κλαυθμὸς
2562 647 2654 698 καὶ

187 730 227 780 ὁ
259 729 502 796 βρυγμὸς
537 735 644 781 τῶν
677 729 927 781 ὀδόντων.

262 817 325 866 31
354 813 519 868 Ὅταν
552 813 613 866 δὲ
645 814 777 881 ἔλθῃ
814 814 847 865 ό
878 813 991 872 υίὸς
1026 821 1118 867 τοῦ
1154 813 1450 880 ἀνθρώπου
1485 812 1543 864 ἐν
1577 821 1639 880 τῇ
1675 813 1806 880 δόξῃ
1842 813 2006 866 αὐτοῦ
2038 814 2130 866 καὶ
2158 813 2346 873 πάντες
2375 817 2430 869 οί
2449 816 2654 884 ἄγγελοι

184 898 305 965 μετ’
345 898 509 952 αὐτοῦ
524 939 538 962 ,
576 899 686 950 τότε
715 899 930 952 καθίσει
954 898 1038 951 ἐπὶ
1063 899 1265 965 θρόνου
1286 899 1446 965 δόξης
1470 897 1652 950 αὐτοῦ·
1688 900 1754 950 32
1787 898 1879 950 καὶ
1905 898 2327 966 συναχθήσονται
2352 901 2656 968 ἔμπροσθεν

186 982 362 1036 αὐτοῦ
397 982 564 1036 πάντα
601 982 661 1037 τὰ
696 983 827 1051 ἔθνη
843 1024 857 1047 ,
891 983 983 1036 καὶ
1019 983 1264 1050 ἀφορίσει
1293 980 1487 1041 αὐτοὺς
1516 981 1603 1035 ἀπ’
1632 979 1903 1050 ἀλλήλων,
1935 982 2115 1050 ὥσπερ
2141 984 2174 1035 ό
2191 984 2393 1053 ποιμὴν
2408 986 2652 1054 ἀφορίζει

188 1067 258 1120 τὰ
301 1069 545 1136 πρόβατα
589 1067 695 1120 ἀπὸ
743 1074 851 1120 τῶν
891 1067 1127 1135 ἐρίφων,
1177 1071 1243 1120 33
1285 1067 1377 1120 καὶ
1424 1067 1600 1134 στήσει
1637 1066 1697 1120 τὰ
1731 1066 1829 1133 μὲν
1860 1068 2101 1135 πρόβατα
2135 1068 2198 1120 ἐκ
2234 1070 2426 1131 δεξιῶν
2458 1072 2653 1136 αὐτοῦ,

189 1151 258 1205 τὰ
307 1151 368 1205 δὲ
411 1152 594 1219 ἐρίφια
636 1152 695 1215 ἐξ
728 1152 1043 1218 εὐωνύμων.
1088 1154 1155 1204 34
1189 1151 1303 1203 τότε
1336 1152 1452 1218 ἐρεῖ
1479 1152 1511 1202 ό
1541 1149 1788 1218 βασιλεὺς
1825 1159 1929 1210 τοῖς
1963 1151 2026 1204 ἐκ
2061 1153 2253 1215 δεξιῶν
2286 1154 2467 1208 αὐτοῦ·
2504 1157 2654 1209 δεῦτε

190 1237 253 1289 οἷ
285 1236 626 1304 εὐλογημένοι
668 1243 759 1288 τοῦ
792 1238 990 1303 πατρός
1024 1256 1130 1302 μου
1145 1276 1159 1299 ,
1206 1235 1644 1304 κληρονομήσατε
1679 1234 1773 1304 τὴν
1808 1235 2197 1305 ἡτοιμασμένην
2229 1238 2355 1304 ὑμῖν
2384 1240 2654 1308 βασιλείαν

187 1319 303 1374 ἀπὸ
349 1320 652 1388 καταβολῆς
694 1322 919 1386 κόσμου.
972 1323 1039 1372 35
1081 1319 1328 1373 ἐπείνασα
1369 1319 1467 1388 γὰρ
1503 1319 1596 1372 καὶ
1630 1319 1873 1373 ἐδώκατέ
1903 1341 1996 1387 μοι
2032 1330 2246 1389 φαγεῖν,
2292 1323 2524 1391 ἐδίψησα
2558 1325 2651 1378 καὶ

186 1403 469 1457 ἐποτίσατέ
515 1425 613 1470 με,
664 1404 811 1466 ξένος
864 1404 1007 1472 ἤμην
1056 1404 1149 1457 καὶ
1200 1404 1514 1472 συνηγάγετέ
1557 1424 1654 1471 με,
1704 1407 1770 1457 36
1814 1404 2010 1472 γυμνὸς
2053 1406 2146 1458 καὶ
2192 1407 2525 1475 περιεβάλετέ
2555 1429 2653 1477 με,

188 1488 471 1557 ἠσθένησα
524 1488 615 1541 καὶ
661 1487 1038 1557 ἐπεσκέψασθέ
1080 1508 1175 1555 με,
1226 1487 1282 1540 ἐν
1331 1488 1553 1555 φυλακῇ
1601 1487 1744 1556 ἤμην
1778 1489 1870 1541 καὶ
1908 1489 2103 1556 ἤλθατε
2135 1491 2270 1556 πρός
2301 1511 2386 1557 με.
2440 1495 2503 1546 37
2541 1494 2654 1547 τότε

186 1572 652 1640 ἀποκριθήσονται
705 1572 852 1639 αὐτῷ
902 1574 959 1625 οἷ
1000 1573 1195 1624 δίκαιοι
1243 1571 1490 1640 λέγοντες·
1539 1573 1721 1640 κύριε,
1769 1575 1898 1626 πότε
1932 1593 1990 1626 σε
2024 1574 2234 1641 εἴδομεν
2266 1582 2525 1630 πεινῶντα
2559 1577 2653 1631 καὶ

188 1655 541 1724 ἓθρέψαμεν,·
592 1655 623 1722 ἢ
671 1657 915 1724 διψῶντα
961 1657 1053 1710 καὶ
1095 1657 1407 1722 ἐποτίσαμεν
1418 1678 1438 1720 ,·
1492 1660 1558 1710 38
1590 1659 1717 1709 πότε
1751 1657 1811 1709 δέ
1845 1678 1903 1710 σε
1937 1659 2148 1724 εἴδομεν
2182 1659 2332 1720 ξένον
2366 1660 2458 1712 καὶ
2493 1681 2652 1730 συνη-

187 1740 454 1808 ydrons-m·
508 1739 542 1807 ἢ
594 1740 793 1807 γυμνὸν
836 1740 929 1794 καὶ
973 1741 1384 1809 περιεβάλομενς
1438 1743 1504 1794 39
1547 1743 1674 1794 πότε
1720 1742 1780 1793 δέ
1826 1762 1884 1795 σε
1925 1742 2135 1808 εἴδομεν
2168 1743 2492 1798 ἀσθενοῦντα
2527 1745 2561 1814 ἢ
2597 1746 2654 1798 ἐν

189 1824 419 1893 φυλακῇ
465 1823 557 1876 καὶ
605 1825 841 1891 ἤλθομεν
884 1827 1018 1892 πρός
1065 1846 1123 1878 σε
1136 1847 1154 1889 ,·
1208 1829 1275 1879 40
1320 1825 1412 1878 καί
1446 1826 1763 1893 ἀποκριθεὶς
1798 1828 1829 1876 ό
1860 1826 2106 1894 βασιλεὺς
2138 1827 2253 1894 ἐρεῖ
2279 1828 2474 1887 αὐτοῖς·
2509 1829 2653 1899 ἀμὴν

188 1908 333 1976 λέγω
386 1909 537 1975 ὑμῖν,
589 1908 672 1976 ἐφ’
728 1910 854 1962 ὅσον
897 1909 1176 1977 ἐποιήσατε
1222 1910 1297 1962 ἑνὶ
1345 1910 1547 1963 τούτων
1595 1917 1700 1963 τῶν
1745 1910 1997 1978 ἀδελφῶν
2041 1932 2148 1978 μου
2195 1919 2302 1965 τῶν
2335 1912 2651 1981 ἐλαχίστων,

188 1993 315 2061 ἐμοὶ
358 1993 653 2061 ἐποιήσατε.
702 1998 757 2048 41
800 1996 913 2048 τότε
946 1995 1062 2063 ἐρεῖ
1088 1995 1181 2047 καὶ
1216 2003 1322 2054 τοῖς
1356 1994 1414 2058 ἐξ
1449 1995 1762 2062 εὐωνύμων·
1797 1996 2092 2063 πορεύεσθε
2125 1997 2212 2051 ἀπ’
2249 1998 2382 2064 ἐμοῦ
2417 2019 2652 2068 κατηρα-

191 2078 345 2145 μένοι
377 2079 453 2137 εἷς
488 2079 545 2131 τὸ
580 2088 688 2146 πῦρ
724 2080 782 2132 τὸ
818 2080 1034 2133 αἰώνιον
1067 2079 1125 2132 τὸ
1162 2079 1546 2148 ἡτοιμασμένον
1581 2089 1655 2148 τῷ
1690 2081 1924 2148 διαβόλῳ
1953 2082 2046 2134 καὶ
2075 2091 2182 2141 τοῖς
2210 2082 2443 2151 ἀγγέλοις
2468 2084 2650 2138 αὐτοῦ.

191 2166 262 2215 4⁶2
304 2161 551 2216 ἔπείνασα
596 2163 695 2232 γὰρ
743 2165 835 2217 καὶ
883 2165 985 2217 οὐκ
1032 2163 1275 2216 ἐδώκατέ
1316 2185 1409 2231 μοι
1455 2173 1674 2232 φαγεῖν,
1719 2164 1953 2233 ἐδίψησα
1986 2166 2079 2219 καί
2115 2166 2217 2218 οὐκ
2253 2167 2524 2221 ἐποτίσατέ
2552 2189 2650 2235 με,

192 2250 261 2300 43
311 2247 461 2308 ξένος
505 2249 649 2316 ἤμην
694 2249 787 2302 καὶ
834 2250 899 2302 οὐ
946 2248 1262 2318 συνηγάγετέ
1302 2269 1401 2316 με,
1453 2249 1648 2317 γυμνὸς
1683 2250 1775 2303 καὶ
1811 2251 1875 2303 οὗ
1908 2251 2243 2319 περιεβάλετέ
2271 2273 2368 2319 με,
2420 2253 2652 2321 ἀσθενὴς

192 2331 287 2384 καὶ
341 2330 399 2383 ἐν
447 2332 668 2400 φυλακῇ
719 2333 811 2386 καί
863 2333 964 2386 οὐκ
1018 2333 1397 2401 ἐπεσκέψασθέ
1438 2354 1523 2401 με.
1595 2338 1660 2387 44
1706 2336 1819 2387 τότε
1865 2334 2320 2404 ἀποκριθήσονται
2367 2338 2459 2391 καὶ
2501 2339 2651 2392 αὐτοὶ

188 2414 444 2482 λέγοντες·
481 2417 662 2482 κύριε,
695 2419 822 2470 πότε
856 2438 915 2471 σε
948 2419 1159 2484 εἴδομεν
1191 2425 1450 2471 πεινῶντα
1487 2418 1520 2487 ἢ
1558 2420 1801 2486 διψῶντα
1839 2418 1870 2487 ἢ
1907 2419 2058 2482 ξένον
2094 2421 2124 2488 ἢ
2161 2421 2361 2489 γυμνὸν
2391 2421 2422 2490 ἢ
2448 2422 2650 2490 ἀσθενῆ

190 2500 227 2568 ἢ
275 2500 335 2552 ἐν
381 2500 631 2570 φυλακῇ,
682 2502 773 2555 καὶ
820 2504 885 2556 οὐ
933 2502 1328 2571 διηκονήσαμέν
1373 2524 1487 2566 σοι,·
1542 2507 1608 2556 45
1654 2505 1766 2556 τότε
1800 2503 2219 2573 ἀποκριθήσεται
2255 2506 2433 2565 αὐτοῖς
2465 2507 2649 2575 λέγων’

186 2585 341 2653 ἀμὴν
384 2585 523 2653 λέγω
570 2586 722 2653 ὑμῖν,
773 2587 858 2654 ἐφ’
909 2590 1035 2641 ὅσον
1069 2587 1173 2640 οὐκ
1207 2587 1486 2655 ἐποιήσατε
1520 2587 1596 2640 ἑνὶ
1632 2588 1833 2641 τούτων
1868 2596 1975 2641 τῶν
2007 2590 2322 2658 ἐλαχίστων,
2374 2591 2500 2645 οὐδὲ
2533 2592 2650 2658 ἐμοὶ

186 2669 491 2736 ἐποιήσατε.
555 2674 621 2723 46
669 2671 761 2724 καὶ
811 2671 1181 2725 ἀπελεύσονται
1235 2671 1379 2725 οὗτοι
1431 2673 1505 2731 είς
1558 2673 1777 2726 κόλασιν
1824 2673 2069 2738 αἰώνιον,
2120 2677 2175 2727 οἵ
2220 2675 2280 2728 δὲ
2330 2677 2525 2730 δίκαιοι
2577 2678 2650 2735 εἷς

186 2753 346 2821 ζωὴν
379 2754 612 2807 αἰώνιον.

190 3216 273 3266 29.
330 3232 423 3264 του
458 3212 518 3264 δε
550 3232 626 3278 μη
663 3231 785 3266 cum
823 3218 999 3267 ⁸BD1,
1036 3219 1078 3268 it
1115 3235 1193 3283 vg.
1265 3235 1370 3268 απο
1406 3216 1465 3268 δε
1500 3235 1593 3269 του
1625 3236 1702 3284 μη
1738 3235 1858 3270 cum
1897 3219 2201 3285 ΑΟΧΓΔΠ,
2237 3238 2287 3286 q,
2322 3232 2474 3288 synt>-

193 3291 275 3341 30.
329 3289 510 3340 1·'G²H
541 3293 729 3354 legunt
764 3289 1056 3355 εκβαλλετε.

191 3367 274 3417 31.
330 3368 469 3416 Ante
504 3364 709 3430 αγγελοι
746 3369 935 3432 legunt
967 3366 1072 3418 ΑΓ
1066 3366 1215 3430 ΔΠ
1179 3367 1200 3401 ²
1253 3370 1287 3431 f,
1322 3370 1522 3433 syrum?-
1552 3386 1705 3434 αγιοι.

188 3443 271 3493 32.
325 3439 749 3506 συναχθήσονται
787 3459 909 3493 cum
946 3444 1220 3496 xBDGAL
1233 3445 1261 3494 l
1265 3442 1347 3493 Π.
1401 3462 1569 3495 -σεται
1596 3462 1719 3496 cum
1746 3445 2204 3498 ΑΕΡΗΜΞῘΤΔ.
2257 3465 2500 3512 αφορισει
2525 3465 2648 3499 cum

326 3515 503 3570 8*LA.
573 3533 787 3580 αφοριει
823 3535 944 3569 cum
982 3518 1246 3573 ncABDI'
1236 3518 1308 3570 Π

188 3593 273 3644 36.
326 3589 526 3655 ηλθατε
558 3609 681 3642 cnm
719 3594 1092 3646 κΑΒΒΕΡῧΙ
1096 3593 1155 3645 Δ
1228 3592 1419 3659 ηλθετε
1454 3610 1578 3645 cum
1615 3595 1816 3647 KMSU
1827 3594 1980 3646 VI'II.

190 3669 272 3720 37.
325 3667 409 3720 B*
443 3665 672 3731 ειδαμεν.
746 3671 776 3719 Ι
805 3668 1007 3733 ιδαμεν.

190 3744 270 3795 39.
321 3741 649 3794 ασθενουντα
684 3761 807 3795 cum
846 3746 958 3797 BD.
1025 3744 1225 3812 ασθενη
1261 3764 1383 3798 cum
1420 3748 1495 3800 RA
1509 3745 1744 3798 [LFAH.

188 3820 269 3870 40.
322 3835 434 3868 των
466 3816 716 3869 αδελθων
748 3837 855 3884 μου
890 3825 1153 3874 omittunt
1186 3823 1283 3888 13³⁶,
1322 3824 1405 3888 11⁶¹,
1424 3824 1458 3874 ².
1495 3850 1562 3859 —
1598 3839 1705 3872 των
1739 3820 2057 3888 ελαχιστωνε
2110 3827 2374 3888 „Multum
2413 3829 2648 3892 praefelo

322 3912 400 3944 τω
436 3891 747 3959 ελαχιστω”,
782 3897 974 3950 Nuber.
1011 3900 1373 3964 Mnemosvne‚
1407 3897 1558 3962 1878,
1595 3916 1642 3961 p.
1676 3897 1789 3948 357.
1849 3900 1976 3948 vide
2012 3901 2104 3950 Mt.
2140 3903 2220 3951 5.
2257 3901 2337 3951 19.

188 3971 268 4022 41.
320 3987 683 4035 κατηραμένοι
735 3989 859 4022 cum
913 3975 1056 4025 κΒῙ.
1106 3974 1189 4030 33
1242 3974 1474 4024 10201
1527 3990 1884 4038 κατηραμενοι
1938 3990 2062 4026 cum
2111 3976 2372 4027 ΑΠΙΔΠ.
2445 3979 2542 4028 Pro
2591 3995 2648 4027 το

321 4062 713 4111 ητοιμασμενον
745 4027 1247 4110 (κΑΒῙΙ,ΓΑΘῦΠ)
1282 4053 1473 4114 legunt
1504 4051 1569 4113 D,
1607 4050 1690 4100 its?
1724 4068 1754 4099 ο
1789 4068 2072 4115 ητοιμασεν
2106 4070 2136 4100 ο
2169 4069 2342 4117 πατηρ
2376 4069 2500 4115 μου.

189 4122 266 4172 44.
325 4122 451 4172 Post
480 4117 741 4185 αποκριθ.
780 4121 967 4186 legunt
1004 4125 1248 4174 nonnulii
1287 4127 1573 4176 minusculi
1608 4141 1773 4174 αυτω.

2753 484 2803 516 1³.
2829 483 2868 515 12
