3050 4459
435 212 533 263 130
667 211 760 274 16,
795 211 844 262 9.
1381 205 1584 258 ΚΑΤΑ
1619 204 1952 260 ΜΑΡΚΟΝ

115 331 415 422 ¹⁰'²⁰1]c¹,‘},·¹2
499 350 533 399 9
579 345 819 404 Ἀναστὰς
869 344 930 398 δὲ
977 343 1130 412 πρωῒ
1170 342 1358 410 πρώτῃ
1410 341 1680 410 σαββάτου
1724 341 1898 411 ἐφάνη
1941 350 2157 410 πρῶτον
2202 346 2390 412 Μαρίᾳ
2426 353 2489 412 τῇ
2524 346 2888 415 Μαγδαληνῇ,

432 430 526 498 ἀφ’
580 429 646 498 ἧς
695 428 1014 498 ἐκβεβλήκει
1064 426 1193 480 ἑπτὰ
1242 427 1505 494 δαιμόνια.
1558 429 1625 480 10
1673 425 1852 495 ἐκείνη
1896 429 2222 495 πορευθεῖσα
2268 429 2576 497 ἀπήγγειλεν
2621 438 2728 490 τοῖς
2771 430 2880 497 μετ’

142 526 200 558 ¹00·
222 526 275 564 2⁴·
298 526 380 558 ¹⁰⁸·
431 515 596 568 αὐτοῦ
641 513 965 619 γενομένοις,
1009 512 1297 565 πενθοῦσιν
1342 511 1435 564 καὶ
1480 511 1770 564 κλαίουσιν.
1824 515 1884 565 11
1934 511 2175 566 κάκεῖνοι
2220 513 2544 573 ἀκούσαντες
2576 514 2655 567 ὅτι
2690 516 2757 583 ζῇ
2792 516 2884 568 καὶ

143 613 200 646 ιο.
217 615 269 652 2⁴,
294 615 397 647 1³2⁸.
430 598 636 667 ἐθεάθη
687 598 773 652 ὕπ’
828 598 992 666 αὐτῆς
1041 596 1349 666 ἠπίστησαν.
1400 599 1467 649 12
1511 595 1666 649 Μετὰ
1710 595 1771 648 δὲ
1813 604 1975 651 ταῦτα
2021 598 2174 651 δυσὶν
2207 599 2267 661 ἒξ
2299 599 2479 653 αὐτῶν
2510 608 2885 667 περιπατοῦσιν

430 683 756 751 ἐφανερώθη
807 683 864 735 ἐν
912 682 1062 749 ἑτέρᾳ
1109 688 1301 749 μορφῇ
1315 720 1331 744 ,
1378 679 1752 746 πορευομένοις
1802 681 1878 739 εἰς
1927 681 2107 749 ἀγρόν.
2174 685 2241 736 13
2285 683 2525 737 κάκεῖνοι
2570 683 2884 743 ἀπελθόντες

430 767 747 836 ἀπήγγειλαν
780 775 886 826 τοῖς
918 767 1135 824 λοιποῖς·
1172 762 1300 817 οὐδὲ
1331 763 1554 822 ἐκείνοις
1587 763 1909 817 ἐπίστευσαν.
1955 768 2023 818 14
2042 766 2298 834 ’Υστερον
2320 766 2683 834 ἀνακειμένοις
2706 768 2885 827 αὐτοῖς

431 859 539 911 τοῖς
579 853 768 907 ἕνδεκα
814 849 1169 920 ἐφανερώθη,
1215 848 1308 902 καὶ
1355 847 1624 901 ὠνείδισεν
1669 847 1764 916 τὴν
1809 848 2050 903 ἀπιστίαν
2082 850 2262 903 αὐτῶν
2294 852 2389 904 καὶ
2422 852 2885 920 σκληροκαρὸίαν,

139 915 199 1000 ἴζζ
218 915 272 1006 ff
293 916 378 1001 κζ
427 937 506 988 ὅτι
558 944 665 996 τοῖς
714 934 1061 1004 θεασαμένοις
1112 932 1273 989 αὐτὸν
1321 931 1669 999 ἐγηγερμένον
1718 932 1821 985 οὐκ
1873 934 2194 989 ἐπίστευσαν.
2245 938 2313 989 15
2361 955 2453 988 και
2499 935 2643 989 εἶπεν
2685 937 2882 996 αὐτοῖς·

427 1021 776 1088 πορευθέντες
813 1020 887 1079 εἷς
923 1018 1011 1072 τὸν
1045 1019 1249 1084 κόσμον
1282 1017 1484 1070 ἅπαντα
1518 1015 1787 1084 κηρύξατε
1821 1016 1879 1069 τὸ
1912 1018 2210 1086 εὐαγγέλιον
2241 1018 2384 1087 πάσῃ
2422 1029 2484 1088 τῇ
2519 1022 2700 1074 κτίσει.
2755 1024 2820 1074 16
2851 1021 2885 1073 ὁ

426 1105 705 1164 πιστεύσας
744 1125 836 1158 και
868 1101 1178 1173 βαπτισθεὶς
1212 1101 1545 1168 σωθήσεται,
1591 1101 1623 1152 ὅ
1654 1100 1713 1154 δὲ
1746 1100 2035 1170 ἀπιστήσας
2069 1104 2538 1174 κατακριθήσεται.
2590 1109 2655 1159 17
2691 1113 2883 1174 σημεῖα

428 1188 490 1242 δὲ
521 1197 628 1249 τοῖς
653 1189 988 1243 πιστεύσασιν
1016 1195 1176 1240 ταῦτα
1203 1184 1691 1253 παρακολουθήσει·
1727 1185 1785 1238 ε’ν
1810 1194 1884 1253 τῷ
1910 1186 2131 1254 ὀνόματί
2148 1208 2255 1254 μου
2274 1189 2519 1256 δαιμόνια
2535 1189 2884 1259 ἐκβαλοῦσιν,

427 1273 687 1342 γλώσσαις
727 1273 1047 1342 λαλήσουσιν
1078 1279 1313 1334 καιναῖς,
1359 1272 1426 1323 18
1458 1270 1611 1337 ὄφεις
1645 1269 1892 1338 ἀροῦσιν,
1927 1272 2031 1324 κᾶν
2064 1272 2362 1340 θανάσιμόν
2396 1295 2441 1326 τι
2474 1275 2669 1327 πίωσιν
2703 1274 2768 1328 οὗ
2800 1274 2879 1343 μὴ

137 1341 272 1427 “2²⁴²
280 1342 395 1436 ,⁶⁰0⁸
428 1357 621 1417 αὐτοὺς
664 1358 892 1428 βλάψει,
936 1357 1021 1410 επὶ
1065 1354 1376 1424 ἀρρώστους
1409 1361 1590 1422 χεῖρας
1623 1353 1975 1422 ἐπιθήσουσιν
2003 1356 2097 1409 καὶ
2130 1358 2312 1416 καλῶς
2344 1358 2569 1421 ἕξουσιν.
2620 1362 2686 1412 19
2720 1359 2753 1410 ὁ
2782 1357 2885 1426 μὲν

560 1587 765 1646 ὅυσεως
799 1584 1127 1648 εξαπεστιλεν
1161 1582 1211 1636 δι
1247 1600 1426 1634 αυτων
1460 1599 1518 1631 το
1555 1599 1695 1647 ιερον
1729 1601 1821 1634 και
1855 1582 2138 1651 αφθαρτον
2170 1604 2421 1653 κηρυγμα
2451 1599 2504 1640 -f-
2534 1607 2625 1654 της
2660 1607 2881 1640 αιωνιου

560 1681 826 1729 σωτηριας
871 1673 918 1715 -Ι-
960 1663 1149 1713 Portea
1180 1661 1378 1726 pergit:
1420 1673 1575 1722 εστην
1608 1655 1667 1707 ds
1700 1675 1793 1709 και
1828 1677 1988 1711 ταυτα
2023 1678 2292 1727 φερομενα
2324 1678 2455 1727 μετα
2491 1681 2548 1714 το
2581 1663 2882 1731 εφοβουντο

558 1758 658 1805 γαρ
702 1751 751 1790 4-
793 1737 1036 1794 Αναστας
1071 1735 1129 1787 δε
1163 1742 1263 1787 etc.

625 1818 899 1867 Accedunt
933 1820 1146 1879 potrum
1180 1809 1503 1871 testimonia,
1539 1809 1593 1858 in
1630 1812 2171 1876 quibus'gravissima
2204 1815 2413 1866 Eusebii
2439 1824 2494 1867 et
2520 1818 2658 1867 Hier.
2712 1819 2877 1868 Euse-

556 1893 676 1942 bius
715 1892 897 1942 scribit
943 1892 997 1941 in
1044 1905 1139 1939 suo
1175 1889 1356 1938 libro.
1360 1883 1725 1947 ‚Quaestiones
1757 1888 1823 1936 ud
1859 1888 2159 1939 Marinum”
2240 1908 2335 1950 ,,τα
2371 1908 2499 1955 γουν
2532 1890 2733 1957 ακριβη
2770 1909 2881 1943 των

554 1983 896 2032 αντιγραφων
928 1983 985 2015 το
1018 1961 1164 2019 τελος
1195 1976 1510 2025 περιγραφει
1544 1975 1636 2022 της
1669 1978 1787 2012 κατ.
1835 1980 2049 2027 μαρκον
2082 1981 2311 2031 ιστοριας
2345 1984 2403 2016 εν
2436 1985 2543 2024 τοις
2577 1965 2749 2033 λογοις
2783 1986 2874 2019 του

555 2040 816 2107 οφθεντος
848 2056 1127 2091 νεανισκου
1163 2054 1272 2093 ταις
1306 2031 1509 2100 γυναιξι
1545 2050 1638 2084 και
1671 2053 1946 2101 ειρηκοτος
1969 2051 2165 2095 αυταις·
2188 2057 2264 2105 μη
2293 2039 2566 2107 φοβεισθε·
2604 2061 2655 2093 ιν
2678 2043 2877 2108 ζητειτε

557 2135 646 2168 τον
689 2117 1003 2182 ναζαρηνον,
1048 2131 1140 2165 και
1176 2129 1284 2167 τοις
1318 2109 1462 2174 εξης,
1497 2125 1576 2165 οις
1609 2108 1844 2176 επιλεγει·
1880 2129 1971 2163 και
2007 2130 2303 2166 ακουσασαι
2338 2134 2538 2182 εφυγον
2571 2135 2663 2169 και
2697 2116 2878 2168 ουδενι

556 2191 711 2243 ovam»
755 2204 917 2243 ειπον·
963 2187 1260 2256 εφοβουντο
1293 2203 1408 2252 γαρ.
1444 2201 1502 2234 εν
1537 2204 1707 2238 τουτω
1743 2205 1842 2253 γαρ
1885 2186 2075 2254 σχεὸον
2108 2207 2165 2241 εν
2197 2208 2359 2242 απασι
2394 2210 2499 2248 τοις
2533 2210 2876 2259 αντιγραφοις

557 2285 647 2317 του
692 2286 809 2319 κατ.
855 2284 1020 2332 μαρκ.
1065 2282 1240 2331 ευαγγ.
1284 2278 1685 2332 περιγεγραπται
1732 2281 1790 2313 το
1827 2261 1984 2320 τελος·
2021 2282 2081 2316 τα
2117 2264 2177 2317 δε
2209 2266 2333 2333 εξης
2366 2285 2602 2327 σπανιως
2634 2288 2692 2321 εν
2725 2288 2877 2327 τισιν,

554 2340 648 2393 αλλ
694 2360 797 2392 ουκ
842 2360 899 2392 εν
941 2359 1068 2392 πασι
1116 2357 1385 2405 φερομενα
1430 2359 1643 2407 περιττα
1688 2357 1753 2389 αν
1797 2358 1896 2405 ειη,
1941 2358 2035 2392 και
2267 2362 2302 2393 α
2345 2362 2494 2409 ειπερ
2527 2362 2698 2411 εχοιεν
2731 2362 2871 2397 αντι-

553 2415 730 2483 λογιαν
779 2435 839 2483 τη
886 2434 993 2468 των
1037 2413 1237 2466 λοιπων
1282 2415 1660 2483 ευαγγελιστων
1702 2432 1982 2480 μαρτύρια.
2048 2417 2403 2483 Hieronymus
2447 2423 2628 2472 scribit
2672 2423 2727 2471 in
2775 2436 2879 2472 sua.

553 2495 818 2559 „Epistola
861 2495 926 2544 ad
975 2493 1282 2543 Hedibiam”
1329 2493 1431 2559 (ep.
1476 2493 1655 2557 CXX),
1701 2499 1908 2556 quaest.
1958 2491 1991 2541 3
2043 2491 2147 2555 (ed.
2196 2494 2414 2547 Vallars.
2448 2497 2499 2560 1,
2549 2497 2701 2560 825):
2762 2500 2877 2548 Aut

554 2587 657 2621 non
715 2572 997 2634 recipimus
1053 2568 1214 2619 Marci
1271 2571 1654 2633 testimonium,
1717 2568 1859 2632 quod
1915 2569 1969 2618 in
2029 2570 2160 2619 raris
2217 2570 2390 2622 fertur
2435 2588 2565 2637 ew„
2621 2574 2877 2626 omnibus

553 2646 801 2697 Graeciae
832 2646 980 2696 libris
1013 2659 1147 2708 pene
1181 2645 1280 2695 hoc
1312 2647 1607 2710 capitulum
1643 2646 1698 2694 in
1736 2645 1840 2694 fine
1875 2660 1981 2694 non
2018 2646 2354 2713 habentibuS,
2390 2651 2704 2713 praesertim
2741 2666 2868 2701 cum

551 2723 756 2772 diversa
800 2727 963 2785 atque
996 2721 1261 2771 contr-ada
1294 2723 1532 2786 evglistis
1564 2721 1786 2771 caeteris
1818 2734 2035 2770 narrare
2070 2721 2343 2774 videatur:
2390 2733 2486 2775 aut
2520 2726 2617 2776 hoc
2651 2741 2873 2789 respon-

550 2799 784 2847 dendnm
831 2797 974 2861 quod
1021 2801 1249 2859 uterque
1294 2795 1410 2858 (Mt.
1445 2803 1500 2847 et
1534 2796 1657 2859 Mc.)
1702 2811 1886 2845 verum
1934 2797 2138 2847 dixerit.
2194 2799 2366 2850 Etiam
2413 2802 2594 2852 scribit
2641 2801 2874 2866 „Contra

551 2873 876 2938 Pelagian,'’:
924 2872 1017 2935 „ln
1064 2871 1385 2936 quibusdam
1432 2879 1490 2923 et
1538 2874 1765 2923 maxime
1811 2873 1867 2921 in
1915 2871 2127 2923 Graecis
2171 2876 2318 2926 codd.
2349 2877 2505 2940 juxta
2536 2878 2777 2928 Marcum
2813 2879 2870 2928 in

551 2949 655 2999 fine
699 2951 816 2999 eius
859 2948 1119 3012 evangelii
1164 2947 1438 2998 scribitur:
1493 2949 1681 2998 Postea
1727 2962 1898 3012 quum
1944 2948 2318 3000 accubuissent
2364 2952 2611 3003 undecim
2658 2978 2725 2988 —
2760 2968 2869 3002 non

548 3025 919 3076 crediderunt'’
953 3023 1196 3085 (Vallem.
1233 3024 1296 3087 11,
1332 3023 1467 3086 759).

617 3101 894 3150 Praeterea
941 3115 1039 3149 vss.
1073 3098 1241 3149 9-20
1285 3101 1615 3149 omittuntur
1648 3100 1703 3149 in
1738 3099 2061 3149 sectionibus
2095 3101 2363 3152 Ammonii
2397 3109 2452 3153 et
2485 3105 2540 3152 in
2575 3103 2873 3154 canonibus

548 3176 774 3226 Eusebii.

616 3252 830 3301 Irenaeo
866 3251 922 3300 hi
956 3265 1139 3300 versus
1175 3250 1284 3299 noti
1319 3256 1446 3300 sunt
1480 3253 1609 3301 Adv.
1647 3254 1789 3302 haer.
1826 3253 1914 3315 111,
1948 3250 2032 3315 10,
2066 3251 2115 3316 6,
2151 3253 2240 3303 ubi
2276 3251 2342 3302 16
2368 3253 2472 3303 :19
2496 3255 2640 3305 citat.
2689 3255 2868 3305 Etiam

548 3328 749 3391 Hippoi.
783 3326 960 3376 Const.
996 3325 1204 3389 Caesar,
1252 3327 1383 3376 Dial.
1419 3327 1467 3390 4,
1501 3326 1603 3378 193
1636 3328 1725 3391 (16
1761 3343 1774 3378 :
1808 3327 1898 3390 16)
1929 3333 1986 3377 et
2018 3326 2393 3393 Jgssnisibdsta
2446 3330 2524 3381 Cf.
2559 3333 2623 3382 de
2661 3333 2871 3382 ultimis

545 3403 783 3452 versibus
816 3417 893 3451 ev.
930 3401 1055 3451 Mc:
1105 3402 1158 3450 P.
1197 3401 1491 3466 Rohrbacb,
1541 3405 1642 3454 Der
1675 3405 1893 3455 Schluss
1927 3405 2021 3454 des
2054 3404 2654 3473 Markusevangelinms,
2688 3408 2869 3458 Berlin

545 3477 678 3528 1894
722 3485 778 3528 et
823 3479 881 3528 A.
919 3478 1105 3540 Resch,
1152 3478 1462 3528 Aussercan.
1527 3480 1900 3530 Paralleltexte
1946 3495 2009 3529 zu
2054 3480 2156 3529 den
2191 3483 2502 3545 evangelicu
2536 3482 2629 3532 Mt.
2667 3498 2718 3534 u.
2753 3484 2867 3534 Mk.

544 3554 593 3603 2.
629 3554 770 3617 Hert,
802 3552 952 3614 1894,
986 3553 1036 3603 S.
1073 3551 1356 3602 449—456.

443 3629 490 3681 9.
543 3647 622 3693 αφ
658 3645 780 3680 cum
817 3628 1003 3678 AGSX.
1069 3645 1178 3691 παρ
1213 3644 1335 3678 cum
1375 3627 1563 3693 CfflL,
1597 3629 1679 3679 33.

407 3705 488 3755 10.
546 3705 671 3754 Post
702 3720 879 3767 εκεινη
917 3705 1104 3767 legunt
1139 3701 1216 3753 G*
1251 3701 1336 3753 its-'³
1369 3700 1443 3752 δε.

408 3780 489 3831 14.
542 3781 666 3830 Post
729 3795 949 3843 υστερον
1013 3780 1201 3842 legunt
1268 3779 1367 3827 AD
1433 3778 1518 3827 it.⁴
1584 3776 1659 3828 δε.
1742 3780 1865 3831 Post
1930 3798 2174 3846 εγηγερμ.
2244 3785 2436 3848 legunt
2501 3785 2728 3836 AC*XA
2794 3803 2865 3836 εκ

540 3872 767 3919 νεκρων.

409 3932 489 3982 17.
543 3933 638 3982 Pro
699 3947 860 3981 ταυτα
919 3946 1120 3992 παρακ.
1184 3932 1372 3994 legunt
1431 3929 1569 3994 Am,
1628 3928 1694 3980 33
1742 3947 1944 3996 παρακ.
1996 3950 2173 3983 ταυτα.
2242 3960 2309 3969 -
2378 3935 2545 3986 G*LA
2601 3939 2870 3990 omittunt

404 4083 488 4134 18.
539 4024 872 4149 ,Ιίΐὲνᾚλαψει
907 4084 1096 4147 legunt
1129 4078 1517 4131 ACDsunp1·LX
1548 4077 1756 4146 βλαφη.
