3050 4459
110 227 125 244 ⁸-
94 59 191 210 aff(
121 0 170 4 Ι

868 684 943 747 L.
991 685 1060 748 S.

258 901 603 965 Experientia
652 916 739 951 me
791 901 997 966 docuit,
1049 902 1115 950 iis
1158 902 1497 966 praesertim,
1544 902 1639 966 qui
1685 903 1743 951 in
1790 903 2083 954 Academiis
2131 906 2324 954 nostris
2365 904 2661 968 theologiae

188 1000 411 1049 operam
471 986 631 1048 dant,
696 985 840 1035 Novi*
882 984 1210 1034 Testamenti
1262 985 1458 1035 Graece
1510 986 1639 1035 editi
1693 1001 1884 1037 novam
1935 989 2295 1039 recensionem
2349 1003 2454 1039 non
2508 989 2661 1038 modo

188 1077 435 1135 gratam,
486 1070 652 1119 immo
704 1070 815 1119 fere
866 1061 1217 1120 necessariam
1269 1071 1659 1121 aestimandam
1705 1086 1836 1121 esse.
1891 1072 1965 1122 De
2013 1087 2122 1137 qua
2157 1089 2212 1123 re
2248 1073 2660 1136 HerwerdenuS,

188 1157 399 1218 collega.
431 1155 764 1216 carissimuS,
799 1154 952 1218 cujus
987 1154 1216 1204 consiliis
1251 1156 1333 1204 uti
1368 1155 1501 1204 mihi
1538 1156 1718 1219 licuit,
1755 1171 1862 1205 una
1896 1162 1952 1206 et
1985 1162 2164 1208 mente
2201 1162 2257 1208 et
2293 1173 2413 1209 voce
2449 1173 2660 1207 mecum

188 1240 466 1289 consensit
512 1254 610 1290 nec
653 1239 874 1288 deerant
919 1238 1053 1287 mihi
1104 1240 1239 1289 hanc
1285 1240 1574 1290 editionem
1610 1242 1940 1304 praeparanti
1970 1241 2086 1304 ejus
2122 1243 2351 1306 monita,
2399 1243 2661 1306 quomodo

189 1323 395 1387 optime
446 1338 534 1374 res
586 1323 902 1386 procederet.
973 1323 1069 1372 llle
1117 1323 1261 1373 enim
1316 1324 1462 1373 verbi
1514 1338 1676 1374 causa
1725 1329 1911 1375 auctor
1962 1326 2093 1375 mihi
2147 1327 2280 1390 fuit,
2348 1332 2660 1391 apparatum

188 1409 467 1471 criticum,
518 1422 680 1471 quem
731 1407 1083 1458 Tischendorf
1126 1408 1453 1472 contulerat,
1514 1424 1581 1458 ne
1634 1423 1968 1460 coacervasse
2018 1426 2143 1460 eum
2194 1411 2396 1474 dicam,
2449 1411 2663 1475 purgari

188 1497 435 1556 oportere
480 1498 537 1542 et
577 1492 635 1541 in
684 1492 854 1541 artius
897 1491 1167 1555 contrahi,
1213 1492 1291 1541 ita
1324 1497 1387 1542 ut
1417 1507 1511 1542 eae
1539 1494 2048 1547 lectiones-tantum
2086 1496 2473 1560 reciperentur,
2521 1510 2661 1560 quae

190 1592 251 1626 re
296 1591 419 1626 vera
453 1578 743 1639 distarent,
789 1590 887 1627 nec
913 1575 1025 1638 jam
1063 1577 1118 1626 in
1153 1581 1411 1641 apparatu
1447 1561 1921 1629 circumferrentur
1953 1580 2335 1643 discrepantiae
2371 1580 2662 1644 scripturae

189 1667 248 1711 et
295 1662 437 1710 aliae
487 1661 822 1725 quisquiliae.
877 1660 995 1719 Qua
1039 1661 1095 1710 in
1142 1676 1198 1711 re
1245 1662 1468 1712 audiens
1513 1677 1642 1712 sane
1689 1663 1767 1712 fui
1815 1663 2117 1729 doctissimo
2161 1664 2297 1728 viro,
2347 1678 2446 1714 nec
2479 1671 2660 1714 tamen

189 1747 274 1795 ita
321 1746 573 1808 audiens,
620 1749 681 1794 ut
724 1747 879 1808 plane
913 1746 961 1795 ei
999 1746 1371 1806 satisfecerim;
1421 1761 1655 1811 namque
1690 1762 1752 1797 eo
1781 1747 1961 1811 judice
1994 1747 2155 1797 etiam
2191 1749 2344 1812 plura
2379 1748 2666 1799 resecanda

190 1832 438 1879 fuerunt.
490 1829 799 1893 Exemplum
850 1830 1003 1894 sequi
1054 1831 1343 1881 detrectavi
1394 1832 1690 1895 Anglorum
1740 1832 2001 1883 Westcott
2045 1838 2100 1882 et
2148 1832 2302 1896 Hort,
2353 1834 2447 1896 qui
2483 1834 2662 1883 minus

192 1915 408 1964 utiliter
440 1915 572 1964 mihi
609 1915 818 1964 Novum
852 1915 1257 1964 Testamentum
1295 1915 1519 1966 edidisse
1557 1917 1808 1967 videntur
1842 1918 2034 1967 omisso
2069 1923 2326 1981 apparatu
2363 1918 2558 1968 critico.

259 1998 577 2049 Gratissimo
632 1999 810 2049 animo
856 2001 956 2049 etsi
1004 2001 1259 2063 concedo,
1311 2000 1455 2050 haud
1504 2002 1840 2051 mediocriter
1886 2002 2018 2052 mihi
2067 2002 2324 2065 profuisse
2371 2003 2661 2052 editionem

192 2085 449 2148 majorem
483 2083 866 2133 Tischendorfii
900 2088 957 2133 et
989 2085 1166 2149 illam,
1215 2100 1378 2149 quam
1415 2091 1832 2149 procuraverunt
1865 2087 2125 2138 Westcott
2158 2092 2214 2136 et
2254 2086 2409 2150 Hort,
2452 2091 2661 2137 textum

192 2169 546 2218 nihilominus
590 2168 732 2217 edidi
778 2168 846 2218 ab
889 2168 954 2218 iis
1000 2184 1107 2219 non
1156 2183 1262 2219 uno
1307 2170 1522 2219 nomine
1557 2171 1974 2234 discrepantem,
2024 2173 2219 2235 quippe
2253 2171 2346 2235 qui
2381 2171 2512 2221 mihi
2547 2186 2661 2221 rem

191 2255 550 2304 consideranti
597 2254 663 2302 ad
710 2254 973 2303 sinceram
1021 2255 1301 2303 veritatem
1349 2256 1563 2318 propius
1606 2256 1856 2305 accedere
1891 2256 2173 2305 videretur.
2226 2255 2446 2320 Saepius
2481 2262 2662 2306 tamen

191 2353 315 2388 cum
353 2338 832 2389 Westcott-Hortio
867 2352 1031 2401 quam
1064 2353 1187 2389 cum
1223 2339 1617 2389 Tischendorsso
1654 2341 1770 2390 feci.
1822 2340 2172 2390 Tischendorf
2205 2340 2302 2390 hac
2339 2342 2394 2391 in
2431 2356 2487 2390 re
2518 2356 2661 2391 erra-

192 2426 328 2475 visse
361 2424 499 2474 mihi
534 2424 774 2489 videtur,
807 2425 949 2488 quod
986 2425 1291 2475 auctoritati
1320 2426 1512 2475 codicis
1547 2425 1786 2475 Sinaitici
1820 2425 2049 2475 nimium
2085 2426 2371 2488 tribueret3
2409 2426 2465 2475 in
2496 2427 2662 2476 alium

191 2524 427 2559 errorem
462 2509 766 2558 inciderunt
804 2508 1256 2572 Westcott-Hort‚
1291 2509 1385 2573 qui
1415 2510 1648 2560 codicem
1679 2509 1998 2559 Vaticanum
2023 2509 2168 2573 justo
2201 2511 2320 2573 plus
2350 2516 2662 2574 sequantur.

193 2594 385 2644 Levius
422 2599 607 2643 tamen
640 2593 696 2642 hi
725 2598 1051 2643 erraverunt.
1101 2593 1391 2657 Equidem,
1428 2593 1638 2644 Novum
1668 2594 2070 2644 Testamentum
2102 2594 2372 2658 edituruS‚
2403 2595 2502 2644 hoc
2531 2595 2663 2643 mihi

192 2692 601 2742 proposueram,
648 2683 712 2727 ut
757 2678 932 2728 codice
980 2678 1234 2727 Vaticano
1280 2683 1562 2742 tamquam
1604 2683 1905 2744 structurae
1947 2679 2294 2728 fundamento
2335 2680 2535 2728 niterer
2567 2693 2664 2728 nec

192 2777 320 2812 vero
372 2762 605 2811 subsidia
655 2762 837 2812 critica
885 2764 1223 2826 neglegerem
1268 2763 1503 2826 reliqua;
1555 2763 1600 2812 si
1635 2763 1910 2812 differrent
1943 2762 2195 2812 lectiones
2229 2763 2495 2826 codicum,
2543 2778 2662 2812 eam

192 2846 590 2912 praeferebam,
643 2862 780 2910 quae
825 2849 1098 2897 contextui
1146 2848 1400 2898 orationis
1448 2847 1993 2898 accommodatissima
2033 2862 2148 2897 esse
2183 2848 2450 2897 videretur
2485 2863 2660 2911 neque

190 2933 486 2982 abhorrere
529 2931 594 2980 ab
637 2946 910 2994 sermone,
957 2947 1063 2996 quo
1109 2931 1257 2982 Sacri
1304 2931 1592 2996 Scriptores
1635 2933 1716 2981 uti
1749 2935 1935 2981 solent.
1991 2931 2140 2991 Quod
2179 2934 2504 2996 propositum
2539 2948 2662 2983 cum

192 3023 471 3077 tenerem,
520 3016 747 3066 codicem
797 3018 1125 3080 singularem
1177 3018 1330 3081 sequi
1380 3032 1485 3066 non
1535 3021 1773 3080 poteram
1810 3018 2054 3080 quamvis
2089 3023 2450 3079 praestantem
2487 3033 2662 3083 neque

194 3102 364 3149 ullam
434 3100 687 3149 familiam
753 3099 1022 3163 codicum,
1089 3115 1210 3150 cum
1263 3102 1425 3151 etiam
1477 3102 1638 3151 codex
1692 3102 1925 3164 optimus
1973 3102 2116 3151 vitiis
2167 3102 2371 3152 laboret
2422 3103 2665 3166 plurimis

193 3186 473 3250 spatioque
516 3185 675 3235 distet
712 3187 1048 3235 saeculorum
1082 3186 1249 3236 trium
1286 3191 1607 3250 quattuorve
1642 3186 1708 3235 ab
1742 3187 1806 3236 iis
1839 3187 2192 3250 temporibus,
2239 3187 2436 3250 quibus
2473 3188 2664 3251 scripto

195 3270 441 3320 mandari
477 3270 644 3332 coepti
678 3274 811 3319 sunt
845 3268 988 3319 Sacri
1024 3270 1181 3320 Libri.
1235 3270 1421 3334 Neque
1458 3269 1513 3319 in
1548 3276 1700 3320 textu
1738 3272 2107 3321 constituendo
2143 3271 2360 3321 familiis
2395 3272 2664 3332 codicum,

195 3355 277 3404 uti
324 3354 481 3403 hodie
527 3354 809 3416 dicuntur,
846 3354 1072 3404 nimium
1117 3354 1266 3418 dedi,
1313 3355 1442 3419 quid
1478 3355 1755 3417 docerent;
1802 3371 1925 3405 cum
1962 3356 2174 3418 penitus
2209 3356 2386 3405 animo
2422 3360 2662 3418 teneam,

195 3453 361 3504 quam
400 3440 531 3488 utile
567 3439 642 3488 sit
674 3438 751 3501 ei,
784 3439 879 3502 qui
914 3439 1191 3489 historiam
1225 3445 1404 3488 textus
1440 3453 1655 3502 operam
1690 3440 1810 3500 dat,
1845 3440 2075 3490 familias
2108 3441 2350 3490 codicum
2382 3440 2666 3504 diligenter

194 3523 467 3587 explorare
501 3528 559 3572 et
590 3522 984 3584 internoscere,
1028 3538 1337 3586 persuasum
1375 3523 1506 3573 mihi
1541 3524 1727 3574 itidem
1764 3529 1871 3588 est,
1909 3525 1963 3574 in
1999 3529 2114 3574 arte
2150 3525 2331 3574 critica
2365 3524 2665 3574 adhibenda

194 3609 530 3673 singulorum
569 3607 809 3657 codicum
850 3607 1009 3658 fidem
1044 3608 1464 3671 investigandam
1498 3622 1627 3658 esse.
1676 3607 1978 3658 Sexcenties
2002 3609 2146 3658 enim
2171 3609 2409 3673 ejusdem
2430 3609 2663 3659 familiae

196 3692 317 3743 libri
364 3693 507 3741 inter
551 3707 665 3742 sese
705 3692 1001 3756 discrepare
1036 3693 1399 3742 inveniuntur.
1454 3692 1565 3743 Nec
1599 3697 1912 3757 stupeamus
1945 3694 2307 3744 diversitatem
2344 3694 2665 3756 lectionum3

195 3776 392 3840 scripto
427 3776 574 3826 enim
606 3775 1008 3827 mandabantur
1040 3778 1267 3841 codices,
1306 3792 1413 3827 non
1451 3780 1611 3842 prelo.

261 3860 318 3912 Si
362 3861 499 3912 forte
536 3862 593 3911 in
629 3863 741 3911 loco
776 3864 1105 3912 conclamato
1140 3863 1296 3913 lectio
1334 3864 1485 3913 nulla
1520 3864 1775 3913 librorum
1811 3862 2104 3928 sufficeret,
2150 3865 2508 3928 conjecturam
2544 3880 2663 3928 pro-

196 3947 347 4010 posui
399 3948 483 3996 vel
535 3946 868 4010 conjecturas
918 3948 1089 4011 recepi
1136 3948 1371 3997 virorum
1417 3948 1660 3998 aliorum.
1716 3949 1774 3998 In
1824 3950 2166 3998 annotatione
2203 3964 2322 3999 mea
2361 3949 2666 4012 hujusmodi

196 4030 434 4081 subsidia
461 4031 645 4081 critica
674 4032 817 4081 haud
848 4046 1016 4095 pauca
1043 4033 1260 4082 contuli.
1297 4032 1484 4097 Neque
1513 4032 1728 4083 inutilia
1759 4034 1890 4083 haec
1920 4034 2031 4083 fore
2061 4048 2239 4097 spero;
2271 4048 2378 4083 non
2409 4034 2554 4083 enim
2586 4041 2668 4084 est

197 4130 385 4166 eorum
402 4153 415 4180 ,
447 4117 541 4180 qui
573 4117 631 4165 in
660 4115 956 4167 Academiis
993 4118 1186 4168 nostris
1213 4118 1510 4182 theologiae
1541 4133 1752 4182 operam
1779 4119 1936 4182 dant,
1965 4119 2103 4183 ipsos
2130 4119 2291 4169 libros
2309 4120 2507 4169 multos
2523 4120 2664 4169 evol-

1004 4300 1419 4384 1¹·5‘3m
