3050 4459
1151 182 1354 281 KATA
1391 227 1713 281 ΛΟΥΚΑΝ
2210 228 2303 291 11,
2338 228 2418 279 53.
2556 227 2655 278 183

264 368 332 417 53
379 364 485 417 Καὶ
537 364 609 417 ἔτι
660 364 898 432 λέγοντος
948 364 1110 418 αὐτοῦ
1162 365 1391 433 ἤρξαντο
1443 366 1499 417 οἱ
1539 373 1861 433 γραμματεῖς
1908 366 2001 418 καὶ
2046 366 2102 416 οἱ
2148 365 2422 431 Φαρισαῖοι
2468 364 2655 420 δεινῶς

189 448 393 516 ἐνέχειν
426 449 519 502 καὶ
553 449 987 516 ἀποστοματίζειν
1020 448 1182 502 αὐτὸν
1212 449 1334 516 περὶ
1367 449 1656 513 πλειόνων,
1691 453 1757 502 54
1790 449 2149 517 ἐνεδρεύοντες
2178 448 2337 501 αὐτόν
2348 488 2364 512 ,
2392 447 2661 515 θηρεῦσαί

190 553 240 585 τι
276 533 342 586 ἐκ
379 541 471 587 τοῦ
507 536 763 600 στόματος
798 534 979 588 αὐτοῦ.

1365 676 1479 725 xn.

261 821 290 871 ‘l
325 817 419 871 Ἐν
452 818 530 876 οἷς
563 818 1019 885 ἐπισυναχθεισῶν
1054 824 1162 869 τῶν
1194 818 1476 884 μυριάδων
1510 825 1601 870 τοῦ
1633 818 1824 885 ὄχλου,
1859 818 1993 870 ὥστε
2022 825 2343 870 καταπατεῖν
2369 816 2654 884 ἀλλήλους,

188 902 397 968 ἤρξατο
430 902 596 969 λέγειν
627 901 762 968 πρὸς
798 901 917 959 τοὺς
950 900 1197 968 μαθητὰς
1231 901 1393 954 αὐτοῦ
1427 909 1658 969 πρῶτον·
1693 901 1977 970 προσέχετε
2006 902 2211 960 ἑαυτοῖς
2239 901 2343 954 ἀπὸ
2369 908 2460 968 τῆς
2484 900 2654 967 ζύμης

189 991 308 1038 τῶν
358 986 692 1052 Φαρισαίων,
738 987 850 1054 ἥτις
896 985 1034 1038 ἐστὶν
1080 986 1372 1052 ὑπόκρισις.
1425 990 1458 1040 2
1494 986 1650 1039 οὐδὲν
1684 986 1744 1040 δὲ
1779 986 2283 1057 συγκεκαλυμμένον
2316 985 2454 1039 ἐστὶν
2487 987 2520 1037 δ
2552 985 2654 1037 οὐκ

186 1069 741 1137 ἀποκαλυφθήσεται,
787 1069 881 1123 καὶ
924 1070 1162 1137 κρυπτὸν
1204 1072 1238 1122 ὃ
1276 1070 1340 1123 σι’·
1376 1071 1758 1138 γνωσθήσεται.
1812 1073 1845 1123 3
1877 1070 2000 1124 ἀνθ’
2038 1070 2116 1123 ὦν
2149 1072 2247 1123 ὅσα
2282 1070 2339 1123 ἕν
2375 1078 2436 1138 τῇ
2471 1070 2652 1136 σκοτίᾳ

186 1156 402 1217 εὒτατε,
436 1155 492 1207 ἒν
526 1163 600 1221 τῷ
636 1155 777 1222 φωτὶ
812 1154 1236 1222 ἀκουσθήσεται,
1272 1155 1364 1207 καὶ
1400 1156 1433 1208 δ
1464 1154 1599 1222 πρὸς
1635 1155 1692 1207 τὸ
1727 1154 1820 1213 οὖς
1855 1155 2138 1222 ἐλαλήσατε
2171 1155 2227 1207 ἐν
2261 1163 2367 1214 τοῖς
2398 1155 2654 1221 ταμείοις,

188 1238 599 1307 κηρυχθήσεται
633 1238 717 1291 ἐπὶ
751 1246 858 1291 τῶν
892 1239 1174 1305 δωμάτων.
1227 1243 1260 1292 4
1295 1239 1451 1306 Λέγω
1488 1239 1548 1291 δὲ
1583 1240 1708 1306 ὑμῖν
1743 1248 1847 1298 τοῖς
1883 1241 2055 1307 φίλοις
2089 1259 2225 1307 μου,
2258 1239 2334 1307 μὴ
2371 1239 2654 1307 φοβηθῆτε

186 1322 303 1376 ἀπὸ
354 1329 461 1375 τῶν
510 1323 939 1376 ἀποκτεινόντων
990 1322 1046 1375 τό
1094 1329 1252 1389 σῶμα
1298 1323 1390 1376 καὶ
1433 1322 1564 1388 μετὰ
1612 1332 1772 1377 ταῦτα
1817 1323 1893 1391 μὴ
1941 1323 2171 1391 ἑχόντων
2203 1323 2574 1391 περισσότερόν
2608 1343 2653 1374 τι

185 1414 429 1474 ποιῆσαι.
482 1412 514 1461 5
558 1408 825 1469 ὑποδείξω
873 1406 932 1460 δὲ
980 1407 1104 1474 ὑμῖν
1150 1408 1259 1460 τίνα
1302 1408 1602 1475 φοβηθῆτε·
1655 1408 1937 1477 φοβήθητε
1975 1409 2061 1460 τὸν
2092 1407 2223 1474 μετὰ
2259 1406 2316 1460 τὸ
2350 1408 2652 1460 ἀποκτεῖναι

187 1493 384 1560 ἔχοντα
419 1491 662 1554 ἐξουσίαν
694 1492 942 1560 ἐμβαλεῖν
973 1492 1047 1550 εἷς
1084 1491 1177 1560 τὴν
1211 1492 1434 1560 γέενναν.
1472 1493 1557 1545 ναὶ
1585 1492 1722 1560 λέγω
1751 1494 1903 1560 ὑμῖν,
1934 1500 2115 1545 τοῦτον
2140 1492 2438 1560 φοβήθητε.
2475 1495 2508 1545 6
2532 1491 2652 1558 οὐχὶ

190 1621 253 1628 ——

189 1689 279 1739 53.
334 1685 591 1737 κακειθεν
622 1684 931 1746 εξελθοντος
964 1703 1127 1736 αυτσυ
1152 1703 1274 1737 cum
1301 1687 1486 1751 ⁸301„
1509 1686 1592 1751 33,
1617 1696 1752 1751 copt.
1777 1698 2024 1752 syr.p¹1¹8·
2055 1687 2113 1723 -’
2136 1689 2202 1738 69
2225 1690 2299 1738 nil
2326 1690 2428 1738 nisi
2452 1705 2560 1737 και.
2586 1714 2652 1722 -

332 1760 569 1827 λεγοντος
614 1760 674 1811 δε
721 1779 867 1812 αυτω
912 1761 985 1823 (D
1019 1763 1237 1819 omittit)
1286 1779 1445 1811 ταυτα
1478 1779 1612 1826 προς
1648 1779 1841 1818 αυτους
1876 1779 1998 1813 cum
2036 1760 2392 1813 ADXI'AAII
2419 1763 2476 1812 it.
2512 1763 2584 1825 (b,
2617 1765 2651 1821 i,

334 1843 369 1903 l,
402 1855 457 1903 q,
491 1839 751 1888 omittunt
784 1835 861 1898 δε,
896 1838 929 1888 b
964 1840 1166 1889 omittit
1199 1855 1375 1900 ταυτα,
1410 1853 1443 1888 a
1476 1840 1679 1889 omittit
1711 1856 1800 1903 πρ.
1825 1838 1964 1901 αυτ.)
1995 1856 2075 1904 vg.
2100 1848 2266 1904 synon
2279 1848 2334 1890 et
2347 1837 2651 1889 schetptxt.

333 1930 464 1965 arm.
512 1916 651 1965 aeth.
705 1916 773 1963 At
818 1915 917 1964 DX
961 1921 1060 1965 etc.
1111 1916 1315 1964 addunt
1346 1930 1575 1963 ενωπιον
1606 1931 1799 1969 παντος
1834 1931 1925 1964 του
1959 1911 2107 1965 λαου.
2142 1942 2209 1950 -
2243 1932 2292 1964 σι
2325 1932 2523 1979 γραμμ.
2559 1932 2651 1964 και

334 1988 490 2052 (haee
525 1989 683 2040 verba
714 1988 816 2039 ‘243
850 1989 1072 2051 omittit)
1105 2006 1155 2039 οι
1190 2007 1495 2054 φαρισαιοιε
1530 1992 1581 2040 D
1613 1991 1697 2040 itss
1731 2006 1810 2055 vg.
1847 2007 1895 2040 oc
1933 2007 2204 2055 φαρισαιοι
2234 2007 2325 2040 και
2353 2007 2401 2038 οι
2423 2006 2650 2054 νομικοι,

333 2068 367 2127 i,
400 2073 538 2128 synt)
552 2074 647 2116 ΦΒ·
680 2082 729 2114 οι
764 2082 975 2129 νομικοι
1010 2083 1103 2116 και
1138 2083 1189 2115 οι
1223 2082 1514 2131 φαρισαιοι.

189 2144 277 2193 54.
332 2140 690 2204 ενεδρευοντες
725 2158 885 2191 αυτον
906 2159 1029 2192 cum
1056 2139 1407 2193 ABGLAAH
1422 2158 1503 2206 vg.
1531 2140 1581 2202 (f
1604 2143 2002 2201 interroqantes
2027 2140 2176 2198 eum)
2200 2142 2399 2204 synutr·
2422 2143 2562 2190 aeth.
2585 2167 2651 2175 —-

334 2218 398 2280 D,
449 2214 531 2266 it.7
589 2224 754 2279 syr.cu
803 2232 933 2267 nrm.
988 2220 1259 2268 omittunt.
1328 2218 1452 2266 Post
1501 2214 1859 2278 ενεδρευοντες
1911 2218 2100 2279 legunt
2148 2214 2549 2267 ΑΟΒΧΓΔΛΠ
2592 2217 2649 2266 it.

332 2302 499 2357 syr-521¹
514 2291 676 2342 etsch·
716 2291 993 2356 ζητουντες
1040 2299 1095 2342 et
1140 2309 1220 2357 vg.
1269 2301 1407 2356 sym)
1456 2307 1588 2341 arm.
1623 2308 1714 2341 και
1750 2289 2042 2354 ζητουντες.
2076 2318 2145 2328 -
2179 2294 2277 2342 Pro
2313 2289 2572 2357 θηρευσαι
2604 2309 2648 2341 τι

333 2365 470 2423 (ΚΠ
507 2384 553 2416 τι
603 2374 727 2417 ante
772 2365 898 2431 θηρ.
950 2368 1176 2431 ponunt)
1220 2385 1282 2417 εκ
1332 2384 1424 2417 του
1471 2384 1727 2430 στοματος
1773 2383 1935 2415 αυτου
1983 2369 2115 2430 legit
2161 2369 2207 2418 D
2252 2384 2507 2431 αφορμην
2540 2384 2650 2416 τινα

328 2440 510 2506 λαβειν
556 2460 737 2501 αυτου,
782 2445 1029 2495 similiter·
1074 2460 1120 2507 a,
1168 2445 1217 2506 b,
1265 2460 1309 2506 c,
1357 2460 1401 2506 e,
1451 2446 1483 2505 i,
1528 2444 1564 2505 1,
1611 2458 1664 2506 q.
1709 2452 1892 2506 syncu.
1927 2468 1994 2477 —
2043 2444 2167 2493 Post
2198 2459 2452 2506 στοματος
2485 2460 2650 2492 αυτου

331 2523 520 2584 legunt
567 2518 917 2569 ACXFAAH
956 2538 1039 2569 ινα
1084 2535 1521 2584 κατηγορήσωσιν
1567 2516 1752 2582 (ΑΧΔ,
1797 2518 1864 2568 69
1909 2518 2142 2576 -σουσιιὴ
2188 2524 2244 2568 et
2290 2520 2355 2582 D,
2401 2521 2437 2580 f,
2485 2529 2650 2584 syr.cu

331 2596 521 2658 legunt
555 2610 637 2643 ινα
670 2611 899 2657 ευρωσιν
933 2611 1291 2660 κατηγορήσω
1326 2611 1506 2644 αυτου.
1531 2620 1598 2629 —
1633 2596 1682 2644 D
1707 2600 1763 2644 et
1785 2604 1950 2658 syrssu
1977 2596 2167 2659 legunt
2190 2611 2262 2643 VS.
2289 2593 2380 2643 53:
2415 2591 2651 2658 λεγοντος

330 2668 392 2719 δε
438 2686 597 2719 ταυτα
642 2686 775 2732 προς
809 2687 1003 2725 αυτους
1037 2687 1263 2719 ενωπιον
1295 2687 1488 2725 παντος
1522 2686 1616 2718 του
1648 2666 1784 2719 λαου
1820 2669 2048 2732 ηρξαντο
2084 2687 2131 2717 οι
2168 2685 2440 2733 φαρισαιοι
2477 2686 2567 2718 και
2601 2686 2649 2719 οι

330 2762 542 2810 νομικοι
589 2746 780 2810 (synon
827 2763 876 2795 οι
919 2762 1240 2810 γραμματεις
1286 2763 1377 2796 και
1413 2763 1461 2794 οι
1498 2746 1795 2809 φαρισαιοι)
1830 2743 2016 2801 δεινως
2050 2762 2190 2809 εχειν
2222 2762 2312 2794 και
2348 2742 2652 2809 συνβαλλειν

328 2839 478 2872 αυτω
512 2839 631 2885 περι
664 2819 923 2871 πλειονων
957 2821 1232 2885 ζητουντες
1266 2837 1522 2886 αφορμην
1558 2838 1668 2870 τινα
1703 2818 1883 2884 λαβειν
1915 2837 2078 2870 αυτου
2115 2837 2196 2869 ινα
2228 2836 2459 2883 ευρωσιν
2488 2837 2650 2885 κατη-

330 2914 555 2963 γορησαι
605 2914 785 2947 αυτου.
857 2898 1062 2962 Synsin-
1112 2901 1403 2948 secundum
1457 2898 1654 2947 Lewis:
1707 2898 1823 2946 And
1878 2911 1935 2945 as
1988 2898 2054 2945 he
2103 2897 2214 2945 said
2265 2897 2417 2946 these
2472 2897 2652 2961 things

329 2974 544 3038 against
586 2973 734 3022 them
784 2975 838 3022 in
874 2976 965 3023 the
1000 2975 1146 3035 sight
1178 2976 1236 3023 of
1266 2977 1336 3024 all
1371 2975 1465 3024 the
1500 2973 1697 3036 people,
1747 2974 1814 3022 he
1852 2973 2019 3035 began
2058 2978 2112 3021 to
2148 2971 2211 3021 be
2246 2973 2565 3035 displeasing
2598 2978 2650 3021 to

332 3052 425 3100 the
464 3050 660 3100 scribes
690 3050 793 3099 and
832 3055 886 3099 to
923 3051 1016 3099 the
1052 3050 1353 3111 Pharisee33
1390 3050 1490 3098 and
1531 3050 1661 3111 they
1699 3063 1834 3097 were
1872 3049 2144 3111 disputing
2177 3047 2306 3096 with
2345 3048 2454 3097 him
2491 3048 2653 3097 about

334 3141 496 3188 many
534 3126 713 3189 things
748 3127 851 3174 and
888 3141 1025 3174 were
1059 3126 1281 3187 seeking
1313 3132 1367 3174 to
1403 3126 1492 3187 lay
1530 3124 1651 3173 hold
1690 3125 1749 3173 of
1778 3138 1848 3173 an
1880 3123 2180 3173 accusation
2208 3124 2418 3186 against
2438 3124 2563 3172 him.
2585 3149 2651 3157 —

332 3201 512 3252 Naber
555 3199 940 3263 (Mnemosyne,
973 3199 1122 3261 1878,
1158 3216 1207 3263 p.
1242 3198 1365 3262 362)
1397 3194 1737 3256 εξελθοντοςι
1780 3201 1891 3249 'nisi
1925 3200 2046 3263 quis
2080 3199 2303 3248 fortasse
2336 3204 2492 3262 putet
2525 3200 2651 3248 insi-

332 3277 448 3325 dias
492 3290 582 3324 eas
632 3277 793 3324 fnissse
838 3275 1005 3324 factas
1049 3276 1174 3323 Jesu
1222 3275 1445 3324 absenti.
1502 3274 1558 3323 In
1597 3275 1713 3323 aliis
1748 3275 2013 3325 codicibus
2046 3270 2284 3338 λεγοντος
2318 3281 2412 3323 est.
2455 3275 2651 3338 {taque

332 3351 434 3401 sub
476 3352 570 3400 illo
614 3347 920 3408 εξελθοντος
966 3350 1082 3398 Vat.
1131 3351 1239 3399 cod.
1287 3352 1420 3399 latet
1463 3365 1538 3397 ετι
1583 3346 1838 3413 λεγοντος.
1890 3350 2087 3400 Omnes
2133 3355 2334 3399 norunt
2377 3348 2436 3407 εξ
2479 3355 2536 3400 et
2578 3366 2651 3399 ετι

332 3440 490 3490 saepe
526 3425 827 3475 confundi.'’
879 3425 1071 3474 Probat
1106 3425 1163 3475 V.
1203 3426 1251 3474 d.
1290 3426 1428 3475 Beke
1464 3424 1767 3475 CallenfeIS.

191 3504 321 3554 xn:
356 3501 407 3551 1.
455 3517 669 3564 πρωτον
731 3516 853 3550 curn
918 3501 1354 3550 antecedentibus
1415 3501 1752 3565 conjungunt
1814 3501 1887 3553 &A
1903 3498 2257 3551 GDEHKAII
2315 3506 2449 3564 copt.
2499 3510 2652 3564 synt).

334 3576 470 3627 Cum
507 3592 653 3639 seqq.
690 3576 1024 3639 conjungunt
1061 3574 1214 3637 GLA,
1249 3593 1292 3634 c,
1331 3578 1365 3636 f,
1402 3577 1435 3637 i,
1472 3578 1504 3639 l,
1542 3591 1594 3639 q,
1626 3574 1969 3638 syn-‚cnetsch-
1999 3576 2142 3625 aeth.
2179 3601 2240 3609 —
2281 3575 2329 3637 b,
2365 3591 2446 3639 vg.
2481 3577 2651 3626 omitt.

224 3653 277 3704 3.
331 3652 510 3702 Naber
553 3652 937 3715 (Mnemosyne,
980 3650 1130 3711 1878,
1176 3668 1223 3713 p.
1271 3650 1392 3710 362)
1438 3656 1493 3700 et
1542 3651 1598 3700 V.
1636 3651 1685 3701 d.
1721 3651 1773 3701 S.
1821 3652 2148 3715 Bakhuyzen
2196 3650 2377 3712 (Verh.
2422 3650 2651 3713 Conject.

331 3727 402 3778 bl.
435 3726 558 3788 168)
593 3729 783 3789 legunt
815 3743 890 3781 εις
925 3743 982 3775 το
1016 3743 1124 3780 ους.
1177 3726 1254 3776 cf.
1290 3727 1381 3775 Mt.
1417 3726 1483 3776 10
1518 3742 1530 3776 :
1565 3726 1646 3776 27.

224 3803 275 3852 4.
329 3816 761 3851 αποκτεννοντων
806 3817 929 3851 cum
977 3798 1358 3854 &AEKLUVI'
1350 3799 1410 3850 Δ.
1478 3816 1880 3851 αποκτενοντων
1926 3817 2048 3852 cum
2081 3799 2450 3852 DGHSXAH.
2519 3819 2652 3851 απο-

328 3893 644 3926 κτεινοντων
688 3892 811 3926 cum
859 3877 921 3926 B.
968 3902 1037 3911 -—
1078 3892 1449 3939 περισσοτερον
1495 3892 1619 3925 curn
1666 3873 2356 3937 &BEGHLMSUVXI'AJL
2406 3892 2655 3939 περισσον

331 3967 455 4002 cnm
492 3948 762 4002 ADKRJI.

223 4028 277 4078 5.
329 4043 518 4091 εχοντα
553 4025 797 4085 εξουσιαν
830 4042 954 4076 cum
989 4024 1430 4079 „ABDKLRXII
1456 4028 1513 4076 it.
1544 4042 1625 4090 vg.
1651 4035 1790 4090 sym)
1818 4041 1946 4076 arm.
1974 4026 2252 4077 Or.12296et
2265 4026 2352 4077 297.
2411 4027 2656 4085 εξουσιαν

329 4117 519 4165 εχοντα
556 4116 679 4151 cum
713 4098 1227 4163 EGHMSUVFAA,
1262 4103 1403 4152 aeth.
1438 4101 1839 4155 Tert.m²1¹·0·⁴‚23.

2709 836 2769 867 ut.
2795 837 2844 868 10.
2865 837 2886 867 6

2764 954 2793 984 8.
2821 951 2855 982 Π

2711 1004 2776 1036 Nc.
2797 1006 2828 1038 4.
2852 1004 2894 1035 22

2709 1058 2768 1089 Ἂι.
2793 1057 2842 1093 10,
2860 1058 2940 1089 2⁶⁸.

2762 1218 2824 1247 4-
2838 1218 2858 1247 9

2685 1271 2743 1302 Mt.
2767 1270 2816 1307 lo.
2833 1272 2876 1301 :2³
2925 1272 2973 1301 “³3
