3050 4459
944 212 1459 267 ΑΠΟΚΑΛΥΨΙΣ
1486 212 1849 267 ΙΩΑΝΝΟῩ
2205 217 2263 281 5,
2295 215 2377 267 12.
2512 216 2604 266 681

162 349 351 416 κύκλῳ
385 356 480 402 τοῦ
512 350 714 417 θρόνου
749 349 843 404 καὶ
876 356 984 403 τῶν
1018 351 1180 412 ζώων
1213 350 1305 403 καὶ
1335 356 1442 403 τῶν
1470 350 1873 418 πρεσβυτέρων,
1909 349 2002 403 καὶ
2029 351 2097 418 ἦν
2125 352 2156 403 ὁ
2178 350 2410 418 ἀριθμὸς
2433 350 2612 404 αὐτῶν
2665 346 2756 431 Da}-
2775 347 2815 435 ¹7⁶
2837 400 2878 431 m

161 432 412 500 μυριάδες
444 433 723 500 μυριάδων
756 432 850 487 καὶ
883 434 1112 502 χιλιάδες
1146 434 1430 502 χιλιάδων,
1480 438 1547 488 12
1578 434 1811 502 λέγοντες
1846 442 2008 502 φωνῇ
2039 434 2256 503 μεγάλῃ·
2293 435 2442 497 ἄξιόν
2475 434 2613 488 ἐστιν
2719 461 2751 493 ι,
2775 460 2812 491 11

164 518 220 571 τὸ
264 518 446 586 ἀρνίον
490 518 549 572 τὸ
592 518 925 587 ἐσφαγμένον
966 519 1146 587 λαβεῖν
1191 518 1286 589 τὴν
1330 519 1556 585 δύναμιν
1588 519 1682 572 καὶ
1714 520 1942 572 πλοῦτον
1975 518 2068 573 καὶ
2102 521 2298 587 σοφίαν
2331 519 2424 573 καὶ
2458 519 2612 587 ἰσχὺν

163 603 253 655 καὶ
298 601 455 671 τιμὴν
499 603 593 656 καὶ
639 604 801 665 δόξαν
846 604 939 657 καὶ
983 604 1240 671 εὐλογίαν.
1291 607 1359 657 13
1392 604 1485 656 καὶ
1516 611 1623 657 πᾶν
1656 605 1853 671 κτίσμα
1887 605 1920 657 δ
1950 603 2007 657 ἐν
2042 612 2117 671 τῷ
2152 604 2366 671 οὐρανῷ
2400 604 2492 657 καὶ
2526 602 2611 657 ἐπὶ

164 694 253 755 τῆς
302 694 397 755 γῆς
448 687 541 740 καὶ
591 687 848 741 ὑποκάτω
894 695 988 756 τῆς
1032 695 1127 756 γῆς
1174 688 1267 741 καὶ
1312 688 1398 741 ἐπὶ
1444 695 1536 757 τῆς
1581 688 1854 755 θαλάσσης
1898 688 1992 742 καὶ
2037 688 2100 741 τὰ
2144 688 2201 741 ἐν
2234 688 2410 747 αὐτοῖς
2442 687 2610 742 πάντα
2666 708 2686 739 ³

164 771 371 838 ἤκουσα
421 770 677 839 λέγοντας·
731 779 807 839 τῷ
857 772 1156 840 καθημένῳ
1201 772 1285 825 ἐπὶ
1331 780 1424 827 τοῦ
1458 773 1662 839 θρόνου
1695 772 1789 828 καὶ
1825 780 1898 839 τῷ
1933 772 2101 840 ἀρνίῳ
2135 773 2169 840 ἡ
2204 772 2414 840 εὐλογία
2447 772 2542 826 καὶ
2576 772 2610 841 ἦ
2719 794 2749 833 τ.
2775 795 2816 826 ιο

163 856 283 925 τιμὴ
330 856 423 910 καὶ
462 857 496 926 ἦ
532 858 663 920 δόξα
697 857 791 911 καὶ
826 856 884 910 τὸ
918 858 1115 926 κράτος
1149 858 1223 917 εἰς
1256 856 1377 916 τοὺς
1410 859 1609 915 αἰῶνας
1644 864 1752 910 τῶν
1783 857 2015 911 αἰώνων.
2065 861 2132 911 14
2163 857 2258 910 καὶ
2293 857 2353 911 τὰ
2389 858 2611 925 τέσσαρα
2722 874 2772 913 ιο,
2793 876 2812 905 ⁴

164 944 278 1003 ζῶα
311 941 500 1009 ἔλεγον·
535 941 679 1010 ἀμήν
692 982 708 1006 ,
741 941 835 996 καὶ
868 943 924 994 οἵ
950 943 1299 1010 πρεσβύτεροι
1331 942 1523 996 ἔπεσαν
1557 942 1649 996 καὶ
1682 942 2104 1011 προσεκύνησαν.

1343 1137 1427 1188 VI.

226 1309 252 1359 1
306 1305 414 1359 Καὶ
465 1303 608 1359 εἶδον
657 1306 744 1358 ὅτε
777 1305 987 1373 ἤνοιξεν
1018 1304 1077 1358 τὸ
1110 1305 1294 1372 ἀρνίον
1326 1306 1453 1372 μίαν
1486 1306 1550 1358 ἐκ
1586 1312 1694 1359 τῶν
1727 1305 1855 1359 ἔπτὰ
1890 1308 2230 1375 σφραγίδων,
2276 1305 2369 1359 καὶ
2402 1306 2611 1374 ἥκουσα

162 1389 277 1448 ἑνὸς
309 1389 372 1441 ἐκ
409 1396 515 1441 τῶν
548 1388 819 1456 τεσσάρων
853 1388 1014 1451 ζώων
1045 1389 1283 1456 λέγοντος
1319 1389 1395 1448 ὥς
1430 1389 1590 1458 φωνὴ
1624 1391 1868 1459 βροντῆς·
1905 1391 2083 1458 ἔρχου.
2132 1394 2164 1443 2
2194 1389 2287 1443 καὶ
2315 1388 2483 1452 εἶδον,
2519 1388 2611 1443 καὶ
2639 1406 2793 1443 zacha,
2819 1407 2897 1438 ιιι

162 1474 278 1527 ἰδοὺ
329 1476 485 1533 ἵππος
530 1474 751 1537 λευκός,
800 1472 893 1526 καὶ
940 1475 972 1525 ὁ
1014 1474 1324 1542 καθήμενος
1369 1474 1449 1527 ἐπ’
1499 1474 1662 1529 αὐτὸν
1707 1475 1849 1543 ἔχων
1893 1477 2074 1540 τόξον,
2125 1475 2217 1528 καὶ
2262 1474 2428 1543 ἐδόθη
2464 1474 2613 1542 αὐτῷ

164 1559 448 1627 στέφανος,
482 1558 575 1611 καὶ
609 1558 833 1626 ἐξῆλθεν
867 1565 1036 1611 νικῶν
1070 1559 1163 1611 καὶ
1198 1561 1281 1612 ἵνα
1314 1558 1528 1627 νικήσῃ.

162 1746 243 1795 11.
295 1762 372 1800 ως
423 1761 615 1809 φωνην
665 1760 789 1795 cum
840 1740 1004 1803 RQ**.
1056 1743 1329 1794 omittunt
1373 1760 1452 1799 ως
1495 1742 1692 1808 APQ*,
1737 1745 1786 1807 1,
1830 1745 1914 1810 14,
1959 1745 2044 1809 49,
2090 1745 2169 1809 79,
2205 1761 2288 1810 vg.
2322 1772 2390 1781 —
2423 1742 2612 1794 κυκλω

295 1836 418 1870 cum
462 1819 656 1878 RAPQ.
736 1815 1006 1869 κυκλοθεν
1050 1834 1194 1870 cum·
1215 1818 1263 1871 1.
1343 1835 1437 1869 και
1478 1836 1547 1883 ην
1581 1836 1610 1868 ο
1644 1816 1832 1883 αριθμ.
1868 1837 1981 1871 αυτ.
2015 1837 2142 1885 μυρ.
2176 1819 2457 1883 μυριαδων
2490 1835 2611 1870 eum

294 1895 487 1953 RAPQ.
541 1921 607 1930 —-
656 1894 960 1958 Stephanus
1012 1892 1141 1955 (non
1193 1896 1323 1945 item
1374 1895 1627 1957 Elzevier‚
1677 1894 1983 1959 (flinsbach,
2029 1896 2240 1958 Scholz)
2287 1897 2489 1946 omittit
2523 1910 2616 1959 per

294 1986 527 2022 errorem
580 1978 868 2034 praeeunte
918 1969 947 2019 1
1002 1968 1081 2031 (et
1129 1970 1418 2032 Erasmus).
1480 1995 1547 2005 —-
1609 1971 1901 2034 Syrgwynn
1949 1986 2145 2035 μυριας
2195 1978 2252 2021 et
2299 1967 2469 2035 χιλιας
2523 1986 2614 2035 pro

292 2043 548 2110 μυριαδες
580 2051 638 2095 et
668 2042 911 2109 χιλιαδες.

161 2123 245 2174 12.
300 2123 592 2187 Syngwynn
641 2138 733 2171 και
783 2117 1032 2185 λεγοντες.
1082 2146 1150 2155 -—-
1198 2118 1345 2179 αξιος
1389 2136 1513 2172 cum
1561 2121 1624 2173 Α.
1705 2119 1855 2181 αξιον
1900 2138 2024 2174 cum
2072 2123 2166 2182 ⁸0.
2213 2151 2280 2159 —
2326 2123 2614 2187 Syl-‚gwynn

294 2196 441 2256 αξιος
474 2214 521 2247 ει
554 2213 613 2246 το
646 2212 844 2260 αρνιον.

160 2275 241 2327 13.
295 2291 325 2324 ο
371 2272 429 2335 (κ
472 2271 554 2335 το)
598 2273 712 2322 siue
757 2287 894 2320 εστιν
927 2287 1051 2322 cum
1085 2271 1231 2331 8210.
1265 2297 1334 2307 -
1367 2272 1552 2323 Nestle
1585 2270 1953 2338 (Einfiihrung
1986 2290 2037 2324 u.
2073 2290 2113 2325 s,
2149 2290 2215 2325 w.
2250 2273 2398 2337 1897,
2434 2273 2486 2325 S.
2522 2272 2612 2333 91)

294 2350 425 2413 legit
456 2364 530 2397 το.
590 2348 809 2397 Addunt
839 2363 978 2396 εστιν
1010 2346 1074 2411 Ρ,
1108 2346 1156 2398 1.
1224 2363 1308 2396 cm
1342 2363 1434 2411 της
1468 2346 1575 2413 (16,
1609 2347 1692 2411 28,
1727 2348 1792 2398 79
1826 2349 2108 2413 omittunt)
2141 2366 2239 2414 γης
2272 2365 2396 2402 cum
2431 2349 2614 2408 aAPQ

294 2440 377 2489 vg.
423 2449 491 2458 --
534 2439 591 2472 εν
631 2438 692 2486 τη
727 2438 792 2486 γη
828 2438 952 2474 cum
986 2422 1036 2486 1,
1070 2431 1365 2487 syngwynn,
1398 2449 1466 2458 -—
1500 2424 1791 2489 Synsswynn
1825 2425 1956 2488 legit
1986 2440 2078 2473 και
2116 2441 2173 2473 εν
2205 2441 2267 2488 τη
2305 2421 2545 2489 θαλασση
2581 2441 2612 2473 ο

295 2517 401 2549 εστι
447 2515 539 2548 και
587 2514 647 2547 τα
692 2514 749 2546 εν
795 2514 846 2546 α.
879 2515 935 2549 π.
969 2524 1035 2533 -
1068 2515 1155 2548 cm
1188 2515 1280 2563 της
1313 2495 1588 2563 θαλασσης
1622 2500 1736 2549 sine
1769 2500 2134 2551 additamento
2168 2516 2292 2551 cum
2327 2513 2377 2564 κ,
2412 2499 2495 2564 28,
2530 2498 2612 2563 38,

294 2574 376 2637 47,
423 2572 503 2635 79,
549 2578 684 2636 copt.
729 2589 836 2637 syr.
882 2589 1012 2624 arm.
1060 2576 1202 2625 aeth.
1250 2575 1415 2625 And.⁰›
1454 2575 1614 2625 Prim.
1649 2573 1990 2627 Cassiodmsd.
2042 2576 2262 2627 Addunt
2293 2592 2431 2625 εστιν
2465 2576 2530 2641 Α,
2563 2575 2613 2638 6,

297 2650 344 2713 7,
389 2648 422 2698 8
457 2654 566 2699 oete.
617 2649 752 2699 Item
797 2649 1004 2699 addunt
1034 2667 1070 2699 α
1104 2649 1208 2713 (34,
1242 2650 1325 2714 35,
1358 2650 1440 2714 87,
1475 2652 1641 2701 ΔΝΜ
1677 2650 1800 2714 οσα)
1831 2667 1972 2701 εστιν
2004 2651 2114 2715 PQ,
2147 2651 2195 2715 1,
2231 2667 2312 2716 vg.
2347 2678 2414 2686 —-
2445 2655 2612 2701 παντα

295 2725 398 2788 (87,
431 2723 498 2775 98
528 2722 750 2786 παντας)
783 2740 875 2773 και
911 2724 980 2787 (Q
1002 2726 1151 2776 addit
1170 2724 1391 2788 παντας)
1414 2742 1625 2789 ηκουσα
1648 2723 1890 2790 λεγοντας
1911 2725 2014 2790 (35,
2038 2726 2121 2790 87,
2145 2728 2309 2779 And.c
2333 2724 2614 2791 λεγοντων)

296 2816 419 2853 eum
466 2799 560 2862 RQ,
605 2799 688 2863 30,
732 2798 815 2863 34,
857 2800 940 2864 35,
986 2800 1070 2865 36,
1110 2800 1193 2865 87,
1227 2799 1309 2863 98,
1345 2802 1521 2852 And.c.
1575 2801 1833 2852 Similiter
1863 2801 1946 2865 13,
1980 2801 2065 2866 14,
2097 2802 2179 2867 28,
2216 2803 2297 2865 47,
2331 2802 2414 2865 92,
2449 2803 2615 2852 Αηᾱ.ῦ

295 2894 388 2927 και
431 2893 628 2933 παντας
675 2876 779 2938 (14,
823 2876 889 2927 92
920 2875 1112 2937 παντα)
1145 2892 1354 2940 ηκουσα
1388 2873 1632 2941 λεγοντας
1667 2876 1756 2940 (14
1786 2874 2039 2941 λεγοντα).
2075 2901 2142 2912 -
2184 2895 2371 2938 uana,
2405 2894 2613 2942 ηκουσα

294 2952 534 3017 λεγοντας
585 2967 707 3003 cum
758 2953 820 3015 P,
872 2952 921 3017 6,
971 2952 1054 3017 32,
1104 2950 1186 3003 90.
1259 2953 1392 3003 Item
1435 2969 1607 3004 παντα
1653 2968 1863 3017 ηκουσα
1907 2950 2120 3018 λεγοντα
2166 2970 2290 3004 cum
2335 2955 2401 3016 A,
2445 2954 2502 3017 1,·
2529 2953 2610 3003 12.

292 3044 489 3082 παντας
535 3044 744 3091 ηκουσα
788 3024 1030 3092 λεγοντας
1076 3042 1201 3077 cum
1244 3027 1293 3090 2,
1338 3027 1384 3092 7,
1433 3027 1480 3077 8.
1557 3043 1641 3076 em
1676 3044 1752 3077 τω
1787 3024 1973 3090 θρονω
2009 3044 2134 3081 cum
2167 3029 2279 3093 ΑΟ,
2313 3030 2363 3094 2,
2397 3030 2446 3091 6,
2483 3029 2528 3091 7,
2564 3029 2613 3080 8.

293 3122 378 3155 επι
413 3120 505 3153 του
538 3101 741 3167 θρονου
776 3118 901 3154 cum
934 3104 1033 3168 ⁸12,
1066 3102 1114 3153 1.
1148 3110 1217 3138 ’-
1248 3102 1543 3167 Synsswym!
1574 3119 1667 3153 και
1697 3119 1907 3167 ηκουσα
1934 3101 2176 3169 λεγοντας
2206 3121 2282 3154 τω
2313 3101 2612 3169 καθημενω

294 3198 379 3231 em
414 3196 505 3229 του
539 3177 740 3243 θρονου
774 3196 869 3229 και
904 3195 978 3228 τω
1014 3194 1199 3242 αρνιω.

160 3258 243 3310 14.
298 3271 515 3320 τεσσερα
561 3270 685 3305 cum
730 3255 796 3305 A.
875 3272 1100 3318 τεσσαρα
1145 3270 1270 3306 cum
1316 3253 1462 3312 ⁸120.
1514 3252 1591 3304 Cf.
1627 3256 1694 3305 ad
1732 3271 1777 3304 v.
1811 3254 1859 3306 8.
1928 3253 2103 3321 ελεγον
2137 3272 2263 3307 cum
2296 3256 2447 3318 κΑΡ,
2480 3256 2530 3320 1,
2566 3255 2613 3318 7,

295 3333 378 3397 28,
428 3347 510 3397 vg.
559 3357 628 3367 —
675 3327 889 3394 λεγοντα
940 3346 1064 3382 cum
1118 3330 1174 3388 Q.
1259 3346 1402 3393 αμην
1450 3345 1575 3380 cum
1626 3330 1777 3395 κΑΡ,
1826 3330 1876 3393 1,
1926 3332 1975 3396 6,
2024 3332 2106 3397 14,
2154 3331 2235 3397 28,
2282 3331 2365 3393 36,
2413 3331 2495 3393 38,
2532 3331 2612 3395 79,

297 3405 620 3459 Αιιάββῦὃῑ
672 3407 974 3458 Praemittit
1018 3423 1078 3456 το
1127 3408 1184 3465 Q.
1266 3422 1359 3455 και
1393 3420 1444 3455 οι
1478 3407 1593 3457 sine
1628 3407 1991 3458 additamento
2025 3423 2150 3458 cum
2185 3408 2365 3465 uAPQ
2396 3423 2501 3458 am.
2539 3408 2614 3457 fu.

296 3485 495 3535 Textus
540 3487 782 3547 receptus
827 3484 977 3532 addit
1019 3494 1436 3543 εικοσιτεσσαρες
1482 3486 1546 3531 ut
1587 3478 1755 3545 vg.010·
1820 3498 2012 3532 επεσαν
2044 3498 2168 3534 eum
2203 3483 2354 3546 κΑΡ,
2388 3483 2435 3533 1.
2470 3509 2538 3519 -·
2575 3483 2617 3541 Q

295 3575 497 3611 επεσον.
549 3584 617 3594 —-
658 3573 1065 3622 προσεκυνησαν
1111 3557 1226 3606 sine
1272 3556 1635 3606 additamento
1680 3572 1804 3607 cum
1837 3558 2077 3617 MCPQ.
2127 3558 2325 3609 Textus
2357 3563 2616 3622 receptus,

296 3635 599 3692 Griesbach,
651 3634 837 3685 Scholz
885 3634 1094 3684 addunt
1142 3631 1301 3691 ζωντι
1354 3633 1454 3695 (sic
1496 3637 1638 3685 male
1686 3637 1846 3686 vertit
1890 3635 2088 3686 Erasm.
2136 3650 2228 3699 pro
2262 3651 2339 3684 τω
2375 3633 2496 3696 ζω.)
2540 3650 2616 3688 εις

296 3727 419 3766 τους
452 3726 651 3764 αιωνας
684 3726 792 3759 των
824 3725 1040 3760 αιωνων
1073 3724 1197 3759 cum
1232 3706 1401 3773 vgsslss·

163 3787 258 3837 VI:
309 3786 358 3837 1.
409 3802 473 3835 εκ
509 3801 617 3835 των
650 3801 779 3835 enta
812 3802 935 3837 eum
970 3786 1193 3845 xACPQ
1226 3801 1309 3849 vg.
1361 3785 1636 3836 Omittunt
1666 3802 1795 3836 επτα
1827 3785 1877 3848 1,
1912 3784 1960 3849 6,
1995 3784 2078 3846 28,
2107 3784 2188 3849 31,
2221 3784 2301 3848 79,
2330 3792 2464 3849 copt.
2484 3800 2614 3834 arm.

296 3859 537 3913 And‚bav.
605 3877 764 3925 φωνη
801 3877 923 3912 eum
958 3862 1112 3920 ACQ.
1181 3878 1372 3926 φωνης
1406 3877 1528 3911 eum
1563 3861 1627 3923 P,
1661 3860 1710 3924 1,
1744 3860 1792 3924 6,
1827 3860 1909 3925 31,
1944 3862 2112 3912 And.p
2150 3858 2322 3911 etbflv·
2355 3886 2421 3895 —-
2455 3873 2503 3923 κ,
2534 3859 2618 3922 26,

294 3936 358 3988 91
415 3953 621 4002 φωνην.
673 3964 743 3973 -
785 3953 947 4002 ερχου
993 3938 1108 3988 sine
1153 3938 1517 3989 additamento
1563 3952 1688 3988 cum
1733 3936 1890 3987 ACP.
1951 3937 2150 3987 Textus
2197 3943 2438 4000 receptus
2472 3936 2619 3985 addit

296 4030 388 4063 και
421 4009 598 4078 βλεπε,
630 4012 761 4063 item
795 4029 889 4063 και
923 4010 1003 4063 ιδε
1034 4013 1131 4077 80,
1165 4014 1296 4064 item
1329 4020 1383 4064 et
1414 4014 1536 4063 vide
1570 4010 1737 4077 vg.010·
1772 4014 1846 4062 fu.

193 4090 243 4140 2.
294 4106 386 4141 και
436 4086 551 4139 ιδον
601 4104 726 4141 cum
771 4089 878 4155 AC,
925 4089 971 4153 7,
1018 4088 1099 4154 36,
1146 4087 1386 4140 And.bav·
1438 4089 1577 4140 Item
1622 4104 1716 4138 και
1750 4086 1893 4138 ειδον
1927 4102 2050 4139 cum
2085 4089 2184 4153 κΡ,
2217 4086 2266 4151 1,
2302 4088 2466 4137 Anda
2503 4091 2615 4138 etp,
