3050 4459
183 457 235 494 11.
257 456 297 489 24

158 535 289 572 Ιιαῑῦ,
320 537 340 566 3

173 640 311 674 17-22

76 695 141 727 Mc.
168 695 218 734 1³,
245 695 365 728 9-—13

77 748 201 784 1.c.21,
226 749 362 781 12——17

100 871 159 904 Le.
184 872 233 910 12.
263 872 345 904 11⁸.

192 1291 247 1326 24.
274 1291 313 1321 13

154 1511 212 1543 Le.
232 1513 264 1545 e.
290 1513 333 1542 ιο

154 1565 202 1595 ιο.
228 1566 277 1602 13,
303 1567 342 1596 ιε

176 2391 272 2428 aaa

396 217 462 266 20
599 215 688 279 10,
722 216 803 266 15.
1290 213 1492 266 ΚΑΤΑ
1532 212 1956 267 ΜΑΘΘΑΙΟΝ

396 353 503 415 ἔξω
557 359 648 420 τῆς
699 352 871 409 οἰκίας
918 350 950 419 ἢ
1000 359 1092 418 τῆς
1134 351 1341 409 πόλεως
1384 351 1593 418 ἐκείνης
1635 350 1938 413 ἐκτινάξατε
1983 350 2074 404 τὸν
2118 351 2394 419 κονιορτὸν
2427 352 2489 404 έκ
2525 359 2634 404 τῶν
2664 353 2849 405 ποδῶν

393 438 563 503 ὑμῶν.
617 440 684 490 15
732 435 876 504 ἀμὴν
919 436 1057 503 λέγω
1103 435 1257 500 ὑμῖν,
1306 434 1651 501 ἀνεκτότερον
1696 436 1836 488 ἔσται
1883 443 1951 503 γῇ
1997 435 2266 501 Σοδόμων
2311 436 2404 489 καὶ
2451 437 2749 504 Γομόρρων
2792 437 2850 489 ἒν

395 521 567 590 ἡμέρᾳ
613 522 844 588 κρίσεως
892 519 924 588 ἢ
961 528 1025 586 τῇ
1056 520 1204 572 πόλει
1238 518 1434 587 ἐκείνῃ.
1482 523 1548 573 16
1578 519 1718 573 Ἰδοὺ
1755 519 1860 587 ἐγὼ
1895 519 2200 573 ἀποστέλλω
2234 521 2375 587 ὑμᾶς
2409 521 2486 579 ὥς
2517 522 2759 589 πρόβατα
2793 521 2850 573 ἒν

392 606 542 673 μέσῳ
587 605 787 659 λύκων·
833 605 1043 673 γίνεσθε
1089 603 1185 656 οὖν
1232 605 1484 671 φρόνιμοι
1531 604 1608 662 ὡς
1653 606 1709 656 οἵ
1746 605 1897 671 ὄφεις
1930 604 2023 659 καὶ
2057 605 2299 671 ἀκέραιοι
2333 605 2409 663 ὥς
2443 607 2504 658 αι’
2531 608 2846 674 περιστεραί.

392 694 456 744 17
500 689 786 758 προσέχετε
830 689 890 742 δὲ
926 688 1032 742 ἀπὸ
1067 695 1172 741 τῶν
1207 688 1533 756 ἀνθρώπων·
1568 688 1983 755 παραδώσουσιν
2017 688 2117 756 γὰρ
2153 690 2292 756 ὑμᾶς
2324 691 2399 748 εἰς
2433 691 2679 758 συνέδρια
2694 731 2709 755 ,
2756 691 2848 743 καὶ

392 776 449 829 ἐν
499 783 612 833 ταῖς
662 782 989 842 συναγωγαῖς
1038 773 1217 826 αὐτῶν
1266 772 1690 840 μαστιγώσουσιν
1739 773 1894 839 ὑμᾶς·
1964 775 2030 826 18
2081 773 2173 826 καί
2215 773 2300 826 ἐπὶ
2347 774 2605 841 ἡγεμόνας
2650 775 2710 827 δὲ
2755 776 2849 827 καὶ

392 860 623 928 βασιλεῖς
661 858 973 926 ἀχθήσεσθε
1008 858 1188 910 ἕνεκεν
1221 857 1353 922 ἐμοῦ
1374 897 1385 917 ,
1432 857 1507 916 εἷς
1540 857 1834 924 μαρτύριον
1867 856 2046 916 αὐτοῖς
2080 858 2174 910 καὶ
2209 866 2315 917 τοῖς
2348 859 2572 912 ἔθνεσιν.
2624 862 2692 913 19
2723 861 2849 913 ὅταν

394 944 453 997 δὲ
494 945 807 1011 παραδῶσιν
848 942 1015 1009 ὑμᾶς,
1058 941 1134 1009 μὴ
1169 941 1528 1010 μεριμνήσητε
1561 949 1678 1001 πῶς
1715 942 1746 1010 ἢ
1784 943 1837 994 τί
1865 943 2139 1010 λαλήσητε·
2177 942 2461 1011 δοθήσεται
2495 943 2596 1010 γὰρ
2631 944 2756 1011 ὑμῖν
2790 944 2847 996 έν

392 1029 568 1097 ἐκείνῃ
615 1036 679 1096 τῇ
725 1029 842 1095 ὥρᾳ
877 1027 931 1079 τί
956 1027 1231 1094 λαλήσητε·
1279 1029 1346 1080 20
1380 1025 1444 1079 οὐ
1478 1025 1580 1094 γὰρ
1617 1027 1766 1093 ὑμεῖς
1799 1026 1914 1079 ἐστὲ
1948 1028 2004 1079 οἶ
2032 1027 2336 1091 λαλοῦντες,
2381 1026 2511 1080 ἀλλὰ
2548 1028 2605 1080 τὸ
2637 1036 2846 1095 πνεῦμα

392 1120 484 1166 τοῦ
517 1113 715 1180 πατρὸς
748 1113 903 1179 ὑμῶν
937 1112 995 1164 τὸ
1028 1111 1224 1164 λαλοῦν
1257 1111 1313 1163 ἕν
1346 1111 1486 1177 ὑμῖν.
1523 1114 1583 1164 21
1622 1111 1932 1178 παραδώσει
1967 1111 2027 1164 δὲ
2054 1111 2286 1179 ἀδελφὸς
2315 1111 2550 1180 ἀδελφὸν
2575 1114 2650 1171 εἷς
2678 1114 2845 1168 θάνα-

393 1218 481 1251 τον
531 1198 623 1251 καὶ
668 1196 843 1265 πατὴρ
891 1195 1102 1258 τέκνον,
1155 1196 1247 1248 καὶ
1292 1195 1736 1262 ἐπαναστήσονται
1783 1196 1940 1249 τέκνα
1985 1196 2070 1250 ἐπὶ
2116 1205 2282 1263 γονεῖς
2317 1197 2409 1249 καὶ
2444 1198 2848 1251 θανατώσουσιν

393 1282 602 1342 αὐτούς.
655 1286 721 1335 22
754 1282 847 1335 καὶ
881 1280 1068 1334 ἔσεσθε
1100 1280 1411 1348 μισούμενοι
1444 1279 1549 1332 ὑπὸ
1582 1279 1797 1333 πάντων
1830 1279 1918 1333 διὰ
1951 1280 2009 1333 τὸ
2043 1281 2211 1348 ὄνομά
2242 1299 2368 1348 μου·
2404 1283 2435 1333 ὁ
2468 1283 2527 1334 δὲ
2561 1283 2847 1350 ὑπομείνας

392 1369 466 1426 εἰς
500 1367 670 1429 τέλος,
706 1366 860 1425 οὗτος
893 1365 1214 1432 σωθήσεται.
1249 1367 1318 1418 23
1350 1366 1475 1417 ὅταν
1511 1365 1570 1417 δὲ
1598 1364 1873 1417 διώκωσιν
1903 1366 2041 1431 ὑμᾶς
2069 1365 2126 1418 ἐν
2150 1373 2214 1433 τῇ
2234 1366 2381 1418 πόλει
2406 1367 2595 1435 ταύτῃ,
2628 1368 2847 1435 φεύγετε

391 1453 466 1511 εἷς
512 1452 605 1520 τὴν
639 1450 837 1518 ἑτέραν·
873 1449 1017 1518 ἀμὴν
1048 1449 1149 1518 γὰρ
1183 1449 1319 1517 λέγω
1356 1449 1509 1515 ὑμῖν,
1558 1448 1621 1500 οὗ
1655 1448 1732 1517 μὴ
1770 1449 2004 1517 τελέσητε
2040 1450 2129 1509 τὰς
2161 1450 2337 1510 πόλεις
2371 1458 2464 1504 τοῦ
2497 1451 2706 1520 Ἰσραὴλ
2740 1453 2846 1512 ἕως

388 1537 519 1604 ἔλθῃ
568 1537 599 1586 ὁ
642 1536 757 1594 υίὸς
803 1541 896 1587 τοῦ
942 1533 1254 1601 ἀνθρώπου.
1306 1536 1373 1586 24
1420 1533 1540 1587 Οὐκ
1587 1533 1726 1585 ἔστιν
1762 1533 2010 1602 μαθητὴς
2044 1533 2176 1601 ὑπὲρ
2212 1534 2302 1587 τὸν
2334 1535 2684 1600 διδάσκαλον,
2718 1537 2847 1590 οὐδὲ

390 1621 579 1679 δοῦλος
626 1619 759 1687 ὑπὲρ
806 1618 895 1672 τὸν
940 1619 1128 1685 κύριον
1174 1617 1353 1670 αὐτοῦ.
1406 1620 1472 1670 25
1506 1616 1735 1684 ἀρκετὸν
1779 1626 1855 1684 τῷ
1898 1618 2118 1685 μαθητῇ
2164 1620 2246 1672 ἵνα
2279 1619 2484 1687 γένηται
2522 1621 2597 1679 ὥς
2631 1621 2663 1672 ὁ
2695 1620 2846 1675 διδά-

390 1706 585 1764 σκαλος
619 1705 813 1768 αὐτοῦ,
848 1703 941 1756 καὶ
977 1704 1008 1754 ὅ
1046 1702 1235 1761 δοῦλος
1269 1701 1346 1761 ὡς
1381 1701 1413 1753 ὁ
1445 1702 1633 1767 κύριος
1666 1701 1847 1755 αὐτοῦ.
1896 1703 1946 1754 εἰ
1977 1702 2067 1754 τὸν
2100 1703 2481 1772 οἰκοδεσπότην
2515 1705 2844 1774 Βεελζεβοὺλ

388 1790 739 1852 ἐπεκάλεσαν,
789 1789 941 1854 πόσῳ
989 1787 1190 1854 μᾶλλον
1242 1784 1364 1844 τοὺς
1410 1785 1690 1845 οἰκιακοὺς
1732 1786 1913 1840 αὐτοῦ.
1965 1790 2032 1840 26
2074 1787 2150 1855 μὴ
2187 1787 2283 1840 οὗν
2318 1790 2601 1858 φοβηθῆτε
2634 1790 2843 1850 αὐτούς·

388 1874 545 1927 οὐδὲν
592 1874 689 1943 γάρ
736 1873 873 1925 ἔστιν
918 1870 1321 1937 κεκαλυμμένον
1356 1871 1388 1922 ὃ
1420 1869 1523 1922 οὔκ
1560 1870 2100 1939 ἀποκαλυφθήσεται,
2143 1872 2234 1925 καὶ
2270 1874 2508 1940 κρυπτὸν
2543 1876 2575 1925 ὅ
2607 1874 2671 1927 οὗ
2706 1896 2844 1942 γνω-

388 1959 658 2027 σθήσεται.
726 1962 791 2011 27
844 1958 876 2009 ὃ
924 1955 1061 2024 λέγω
1106 1955 1232 2021 ὑμῖν
1276 1953 1332 2006 ἐν
1368 1962 1431 2022 τῇ
1466 1956 1681 2022 σκοτίᾳ,
1730 1956 1907 2008 εἴπατε
1947 1955 2003 2007 ἕν
2037 1964 2111 2022 τῷ
2146 1958 2306 2024 φωτί·
2354 1958 2447 2010 καὶ
2482 1959 2515 2009 δ
2546 1960 2622 2018 εἷς
2657 1958 2714 2012 τὸ
2749 1959 2845 2020 οὖς

387 2044 637 2107 ἀκούετε,
683 2042 950 2110 κηρύξατε
990 2040 1075 2092 ἐπὶ
1110 2047 1216 2091 τῶν
1250 2038 1534 2104 δωμάτων.
1587 2041 1654 2092 28
1689 2039 1782 2093 καὶ
1814 2039 1890 2108 μὴ
1929 2042 2188 2108 φοβεῖσθε
2222 2040 2328 2094 ἀπὸ
2364 2049 2470 2094 τῶν
2503 2042 2842 2097 ἀποκτεινόν-

388 2148 495 2180 των
541 2127 598 2180 τὸ
646 2134 830 2194 σῶμα,
875 2125 968 2194 τὴν
1003 2124 1061 2177 δὲ
1095 2124 1281 2191 ψυχὴν
1312 2123 1390 2190 μὴ
1427 2124 1739 2189 δυναμένων
1772 2123 2096 2177 ἀποκτεῖναι·
2132 2127 2394 2194 φοβεῖσθε
2429 2126 2488 2179 δὲ
2519 2128 2719 2194 μᾶλλον
2753 2129 2843 2181 τὸν

387 2211 681 2279 δυνάμενον
711 2211 803 2264 καὶ
832 2209 1020 2278 ψυχὴν
1048 2208 1141 2261 καὶ
1171 2215 1327 2273 σῶμα
1355 2206 1604 2261 ἀπολέσαι
1627 2207 1684 2260 έν
1707 2208 1904 2276 γεέννῃ.
1939 2212 2006 2261 29
2034 2209 2157 2277 οὐχὶ
2181 2210 2280 2263 δύο
2304 2212 2562 2277 στρουθία
2586 2212 2841 2280 ἀσσαρίου

386 2297 634 2350 πωλεῖται
649 2317 667 2359 ‚·
721 2295 814 2349 καὶ
864 2295 919 2346 ἓν
969 2293 1029 2356 ἒξ
1078 2293 1256 2345 αὐτῶν
1305 2292 1369 2345 οὐ
1419 2299 1650 2345 πεσεῖται
1700 2291 1786 2344 ἐπὶ
1838 2293 1932 2361 τὴν
1983 2300 2081 2361 γῆν
2126 2295 2252 2347 ἄνευ
2299 2303 2391 2348 τοῦ
2438 2296 2636 2364 πατρὸς
2669 2298 2840 2364 ὑμῶν.

386 2384 453 2436 30
502 2382 656 2448 ὑμῶν
707 2380 766 2432 δὲ
817 2379 909 2432 καὶ
955 2379 1015 2431 αἵ
1056 2379 1229 2445 τρίχες
1275 2382 1367 2444 τῆς
1412 2376 1655 2444 κεφαλῆς
1700 2384 1860 2430 πᾶσαι
1912 2377 2270 2445 ἠριθμημέναι
2318 2380 2465 2433 εἰσίν.
2535 2384 2596 2436 31
2632 2382 2708 2451 μὴ
2745 2382 2843 2436 οὖν

386 2467 662 2535 φοβεῖσθε·
710 2464 922 2517 πολλῶν
966 2462 1269 2529 στρουθίων
1313 2460 1591 2528 διαφέρετε
1636 2461 1804 2528 ὑμεῖς.
1856 2464 1923 2514 32
1965 2463 2084 2521 Πᾶς
2132 2462 2230 2516 οὖν
2263 2465 2403 2524 ὅστις
2438 2466 2749 2535 ὁμολογήσει
2785 2467 2842 2520 έν

383 2551 501 2618 ἐμοὶ
536 2549 840 2617 ἔμπροσθεν
874 2554 981 2599 τῶν
1013 2545 1350 2613 ἀνθρώπων,
1385 2544 1702 2613 ὁμολογήσω
1736 2545 1889 2614 κάγὼ
1924 2545 1980 2599 ἐν
2013 2546 2160 2613 αὐτῷ
2188 2548 2494 2616 ἔμπροσθεν
2522 2558 2614 2602 τοῦ
2643 2553 2842 2618 πατρός

382 2882 463 2932 15.
512 2896 780 2945 γομορρας
814 2893 938 2929 cum
976 2876 1231 2936 CDLJlP,
1270 2873 1348 2937 (fl,
1386 2875 1435 2936 h,
1473 2875 1523 2925 k.

380 2957 462 3007 19.
512 2952 879 3020 παραδιδωσιν
935 2967 1057 3003 cum
1114 2948 1693 3000 CE2FKMSL'VFAH.
1763 2948 1955 3016 δοθησ.
2006 2951 2519 3020 γαρ....λαλησητε
2571 2959 2842 3008 omittitur

516 3034 624 3096 DL,
660 3033 712 3095 k,
750 3031 958 3091 floriac„
996 3024 1148 3077 harl*
1182 3041 1314 3076 arm.
1352 3025 1437 3076 Or.
1472 3025 1520 3090 1,
1556 3026 1672 3076 295.
1709 3026 2000 3079 ΚΜΒΠΙΡ
2034 3032 2222 3093 legunt
2255 3025 2518 3093 λαλησετε,

379 3108 462 3159 23.
515 3125 667 3172 φευγ.
717 3107 791 3160 εἱς
839 3122 880 3153 τ.
916 3119 1099 3166 ετεραν
1134 3117 1256 3152 cum
1293 3101 1391 3154 κΒ.
1427 3117 1581 3165 φευγ.
1635 3118 1710 3157 εις
1746 3119 1839 3167 την
1873 3101 2035 3168 αλλην
2068 3121 2191 3155 cum
2228 3106 2837 3159 CEFGKMUVXI'AH.

513 3184 621 3246 DL,
665 3187 769 3246 gat.
806 3196 933 3230 mm.
969 3195 1101 3229 arm.
1137 3180 1324 3243 legunt
1357 3194 1461 3226 καν
1495 3177 1569 3240 (D
1602 3195 1694 3227 εαν
1730 3177 1811 3240 δε)
1845 3196 1902 3227 εν
1935 3197 1996 3244 τη
2032 3197 2183 3244 ετερα
2219 3179 2290 3242 (D
2323 3198 2379 3230 εν
2413 3198 2474 3246 τη
2510 3179 2659 3247 αλλη,
2694 3185 2738 3233 L
2771 3201 2836 3233 εκ

512 3257 726 3322 ταύτης)
777 3254 1052 3306 διώκωσιν
1101 3270 1239 3316 υμας
1290 3269 1509 3317 φευγετε
1561 3271 1635 3309 εις
1683 3272 1777 3318 την
1822 3251 2000 3319 αλλην.
2049 3282 2115 3291 -
2159 3273 2258 3320 γαρ
2307 3259 2455 3308 deest
2498 3259 2553 3307 in
2594 3259 2719 3322 ΒΜ,
2754 3275 2836 3324 vg.

514 3340 647 3398 copt.
684 3348 815 3383 arm.
853 3331 993 3381 aeth.
1047 3346 1139 3379 του
1174 3335 1299 3380 ante
1335 3328 1445 3392 Ισρ.
1485 3331 1634 3379 deest
1669 3331 1724 3379 in
1758 3331 1869 3380 BD.
1923 3332 2047 3382 Post
2080 3349 2183 3387 εως
2218 3335 2408 3397 legunt
2443 3334 2532 3382 CD
2564 3351 2644 3383 αν.

380 3410 462 3461 25.
516 3407 599 3460 R*
649 3424 725 3457 τω
778 3404 1125 3468 οικοδεσποτη
1162 3411 1218 3455 et
1251 3421 1356 3460 τοις
1391 3421 1671 3460 οικιακοις.
1708 3432 1774 3441 -
1808 3407 1892 3457 RB
1923 3404 2224 3472 βεεζεβουλ.
2258 3434 2324 3442 -
2357 3404 2679 3458 επεκαλεσαν
2712 3426 2837 3461 cum

514 3482 961 3538 neBCEFGKMS
973 3478 1179 3531 VXAH.
1244 3477 1627 3531 επεκαλεσαντο
1671 3479 1755 3534 κ’.
1818 3479 2074 3532 εκαλεσαν
2120 3500 2241 3534 eum
2289 3482 2336 3533 1.
2399 3485 2438 3533 L
2482 3480 2835 3536 εκαλεσαντω.

512 3564 563 3613 D
596 3558 866 3610 καλουσιν.
920 3573 1200 3611 οικιακους
1234 3572 1354 3606 cum
1392 3554 1985 3609 ⁸BEFGKLVXI'AH.
2037 3575 2343 3614 οικειακους
2376 3575 2498 3609 cum
2536 3561 2750 3612 CDMU.

379 3637 459 3688 28.
512 3653 587 3700 μη
641 3629 903 3699 φοβεισθε
954 3647 1077 3682 cum
1122 3628 1816 3684 xBCEFGLMUVXFAH.
1888 3634 1938 3682 K
1980 3631 2244 3698 φοβησθε.
2313 3635 2403 3685 DS
2434 3633 2732 3700 φοβηθητε.
2769 3664 2838 3673 -

513 3726 933 3761 αποκτεινοντων
978 3723 1099 3758 cum
1147 3707 1210 3756 B.
1278 3721 1711 3755 αποκτεννοντων
1756 3723 1880 3757 cum
1928 3706 2285 3760 nCDUFAm
2321 3710 2367 3760 1.
2435 3727 2836 3762 αποκτενοντων

512 3802 635 3838 cum
670 3785 771 3834 EF
770 3783 1010 3834 GKLMS
1021 3780 1159 3832 ἤϊ’.
1207 3778 1491 3846 φοβηθητε
1509 3796 1630 3830 cum
1651 3782 1713 3831 D.
1731 3807 1798 3815 —
1816 3781 2357 3834 xcEFGKMSUW'A
2381 3785 2570 3848 legunt
2587 3802 2680 3850 την
2697 3804 2832 3851 ψυχ.

512 3879 565 3911 κ.
602 3878 660 3910 το
696 3875 869 3922 οωμα.

378 3937 461 3987 29.
516 3937 563 3984 Χ
597 3938 727 4000 legit
759 3952 842 3984 επι
880 3951 971 3998 της
1006 3949 1116 3998 γης.

379 4011 460 4062 31.
513 4009 796 4075 φοβηθητε
842 4026 966 4060 cum
1016 4003 1618 4070 CEGKMSUVXPAH‚
1656 4008 1769 4057 Bas,
1804 4009 1853 4071 2,
1887 4007 2002 4058 284.
2057 4009 2232 4061 Naber
2265 4010 2650 4078 (Mnemosyne,
2684 4013 2834 4080 1878,

514 4101 562 4149 p.
597 4085 720 4146 358)
754 4087 888 4148 legit
919 4081 1098 4133 πολλω
1132 4080 1437 4148 στρουθιων
1472 4079 1623 4147 διαφ.
1659 4099 1751 4145 υμ.
1788 4084 1918 4134 Vide
1955 4084 2238 4138 Lex-1217.
