3050 4459
983 782 1727 853 ΑΠΟΚΑΛΥΨΙΣ
1789 784 2280 854 ΙΩΑΝΝΟΥ.

1619 1001 1657 1051 Ι.

202 1190 254 1222 22.
275 1190 297 1221 e
471 1172 499 1222 ‘l
548 1168 905 1238 Ἀποκάλυψις
951 1169 1128 1238 Ἰησοῦ
1174 1170 1440 1237 Χριστοῦ,
1492 1170 1560 1236 ἣν
1604 1168 1811 1221 ἔδωκεν
1856 1168 2004 1236 αὐτῷ
2039 1170 2071 1220 ὁ
2103 1169 2256 1233 θεός,
2302 1170 2470 1232 δεῖξαι
2503 1178 2609 1230 τοῖς
2644 1172 2868 1232 δούλοις

405 1252 568 1306 αὐτοῦ
603 1254 637 1306 ἃ
673 1254 760 1306 δεῖ
786 1253 1029 1322 γενέσθαι
1063 1253 1121 1306 ἐν
1154 1253 1327 1322 τάχει,
1362 1253 1455 1306 καὶ
1488 1252 1750 1320 ἐσήμανεν
1783 1252 2091 1312 ἀποστείλας
2124 1251 2213 1307 διὰ
2237 1259 2328 1307 τοῦ
2355 1253 2571 1323 ἀγγέλου
2593 1255 2766 1308 αὐτοῦ
2791 1264 2874 1323 τῷ

326 1358 349 1389 u
404 1337 581 1405 δούλῳ
630 1336 792 1391 αὐτοῦ
831 1338 1084 1407 Ἰωάννῃ,
1134 1342 1167 1390 2
1214 1339 1273 1397 ὃς
1310 1337 1673 1406 ἐμαρτύρησεν
1707 1336 1797 1390 τὸν
1829 1337 1985 1405 λόγον
2018 1345 2110 1390 τοῦ
2146 1338 2278 1391 θεοῦ
2311 1339 2405 1392 καὶ
2439 1338 2534 1407 τὴν
2563 1342 2875 1408 μαρτυρίαν

207 1438 238 1475 ⁶.
260 1438 282 1468 ⁹
398 1421 575 1490 Ἰησοῦ
620 1423 887 1490 Χριστοῦ,
939 1424 1038 1475 ὅσα
1083 1420 1236 1475 εἶδεν.
1289 1422 1322 1475 3
1360 1420 1627 1488 μακάριος
1673 1421 1705 1474 ὁ
1748 1420 2132 1488 ἀναγινώσκων
2175 1421 2269 1475 καὶ
2315 1424 2371 1475 οἱ
2410 1422 2693 1482 ἀκούοντες
2742 1425 2872 1484 τοὺς

191 1527 245 1565 22,
268 1526 309 1558 10
402 1506 591 1574 λόγους
625 1513 717 1576 τῆς
748 1507 1075 1575 προφητείας
1108 1505 1202 1558 καὶ
1238 1513 1515 1574 τηροῦντες
1551 1504 1614 1559 τὰ
1647 1505 1704 1558 ἐν
1736 1505 1872 1574 αὐτῇ
1904 1505 2252 1574 γεγραμμένα·
2287 1507 2320 1557 ὁ
2345 1505 2443 1575 γὰρ
2473 1506 2661 1574 καιρὸς
2685 1507 2867 1577 ἐγγύς.

470 1593 503 1643 4

542 1589 792 1659 Ἰωάννης
838 1598 949 1650 ταῖς
992 1589 1122 1643 ἑπτὰ
1166 1589 1474 1657 ἐκκλησίαις
1520 1597 1631 1648 ταῖς
1677 1589 1733 1641 ἐν
1767 1596 1832 1657 τῇ
1861 1588 2015 1657 Ἀσίᾳ·
2064 1589 2217 1658 χάρις
2251 1589 2377 1656 ὑμῖν
2410 1590 2502 1644 καὶ
2533 1590 2719 1660 εἰρήνη
2755 1592 2873 1646 ἀπὸ

403 1674 436 1726 ὅ
484 1674 563 1727 ὢν
611 1674 705 1728 καὶ
752 1675 784 1725 ὁ
827 1674 894 1743 ἦν
939 1674 1045 1727 καὶ·
1079 1675 1111 1728 ὁ
1152 1674 1467 1743 ἐρχόμενος,
1518 1674 1612 1727 καὶ
1646 1673 1752 1727 ἀπὸ
1786 1680 1894 1727 τῶν
1927 1673 2056 1727 ἑπτὰ
2089 1673 2406 1741 πνευμάτων
2439 1675 2472 1727 ἃ
2505 1674 2737 1729 ἐνώπιον
2771 1684 2872 1732 τοῦ

404 1760 605 1826 θρόνου
641 1759 833 1822 αὐτοῦ,
885 1762 917 1811 5
950 1758 1043 1813 καὶ
1077 1757 1181 1811 ἀπὸ
1213 1758 1389 1826 Ἰησοῦ
1424 1759 1693 1825 Χριστοῦ,
1728 1758 1760 1810 ὁ
1790 1757 1994 1825 μάρτυς
2028 1758 2061 1810 ὅ
2085 1758 2295 1824 πιστός,
2331 1759 2363 1810 ὅ
2383 1761 2726 1826 πρωτότοκος
2757 1768 2876 1815 τῶν

138 1863 210 1893 σαι.
236 1862 331 1895 1.18
402 1850 612 1911 νεκρῶν
644 1844 737 1897 καὶ
773 1844 804 1894 ὁ
836 1844 1024 1911 ἅρχων
1058 1850 1165 1896 τῶν
1197 1842 1461 1912 βασιλέων
1494 1849 1587 1911 τῆς
1620 1849 1732 1923 γῆς,
1768 1850 1845 1910 τῷ
1879 1842 2145 1910 ἀγαπῶντι
2181 1843 2320 1911 ἡμᾶς
2354 1843 2447 1896 καὶ
2479 1844 2690 1898 λύσαντι
2719 1845 2874 1914 ἦμᾶς

470 2036 501 2069 ”
536 2035 876 2103 αποκαλυψις
923 2055 1152 2088 ιωαννου
1199 2037 1256 2100 (κ
1290 2038 1471 2101 -ανου)
1516 2053 1640 2089 cum
1674 2039 1754 2090 &C
1785 2038 1939 2100 (item
1973 2039 2018 2090 A
2057 2040 2113 2089 in
2149 2040 2547 2104 subscriptione,
2581 2040 2739 2105 periit
2774 2042 2866 2091 in·

536 2115 770 2179 scriptio)
805 2114 852 2164 2.
903 2112 1200 2179 Synops153‚
1232 2113 1283 2178 8,
1316 2112 1397 2177 82,
1431 2112 1515 2177 93,
1548 2113 1615 2163 95
1647 2130 1879 2164 ιωαννου
1913 2109 2272 2179 αποκαλυψις,
2314 2114 2380 2165 50
2413 2110 2723 2179 αποκαλυψ.
2765 2132 2866 2166 του

535 2206 686 2254 αγιου
733 2206 981 2240 ιωαννου.
1052 2202 1085 2243 κ
1130 2205 1252 2240 vero
1297 2191 1355 2240 in
1398 2191 1711 2255 paginarum
1758 2189 1931 2240 titulis
1978 2190 2180 2254 ubique
2221 2191 2254 2239 i.
2291 2203 2337 2240 e.
2373 2198 2457 2240 ter
2488 2187 2868 2256 αποκαλυψεις

536 2282 782 2326 ιωαννου,
818 2280 919 2316 nec
951 2267 1107 2315 aliter
1138 2265 1472 2329 subscriptio,
1537 2264 1620 2328 14,
1654 2264 1736 2329 17,
1765 2263 1848 2328 91,
1874 2263 1941 2315 97
1969 2261 2193 2314 αποκαλ.
2225 2280 2456 2315 ιωαννου
2481 2281 2573 2314 του
2597 2262 2866 2331 θεολογου

536 2341 690 2403 (item
724 2341 790 2391 16
823 2341 1017 2391 additis
1050 2357 1116 2404 ην
1149 2357 1206 2389 εν
1237 2357 1431 2403 πατμω
1467 2356 1528 2404 τη
1565 2356 1712 2405 νησω
1746 2337 2045 2404 εθεασατο),
2093 2340 2142 2405 1,
2188 2339 2270 2404 25,
2305 2339 2388 2404 28,
2426 2339 2507 2405 31,
2543 2340 2624 2405 38,
2657 2340 2742 2405 51,
2779 2342 2867 2408 90,

535 2416 602 2466 94
646 2413 873 2466 αποκαλ.
918 2432 1009 2464 του
1055 2432 1206 2480 αγιου
1254 2432 1432 2466 ιωανν.
1478 2432 1570 2465 του
1613 2412 1886 2478 θεολογου,
1940 2415 1997 2477 Q,
2030 2415 2097 2466 12
2129 2413 2356 2466 αποκαλ.
2390 2433 2570 2468 ιωανν.
2605 2433 2697 2467 του
2731 2416 2866 2469 θεο-

534 2490 694 2557 λογου
739 2509 833 2542 και
879 2487 1260 2556 ευαγγελιστου,
1305 2498 1405 2542 etc.
1456 2492 1656 2542 'textus
1691 2497 1934 2554 receptus
1966 2487 2309 2557 ἀποκάλυψις
2342 2488 2571 2542 Ῑωάννου
2605 2497 2699 2543 τοῦ
2732 2492 2868 2544 θεο-

533 2565 709 2632 λόγου.
762 2567 841 2619 Of.
878 2568 959 2619 W.
999 2568 1234 2630 Bousset,
1269 2567 1527 2618 Textkrit.
1564 2567 1784 2617 Studien
1821 2582 1944 2617 zum
1975 2567 2037 2617 N.
2061 2567 2116 2616 T.
2143 2566 2293 2630 1894,
2327 2568 2378 2618 S.
2396 2567 2564 2618 1—45
2580 2573 2636 2618 et
2652 2569 2866 2621 Comm.

534 2643 683 2696 1896.
736 2644 858 2695 Cod.
895 2644 944 2694 B
976 2643 1146 2694 Tisch.
1186 2659 1245 2687 =
1286 2642 1328 2700 Q
1362 2642 1527 2693 Vatic.
1561 2641 1694 2692 2066
1725 2644 1867 2706 apud
1902 2642 2125 2692 Bousset
2158 2648 2215 2692 et
2247 2644 2395 2695 alios.
2428 2668 2495 2679 —
2530 2644 2646 2708 Syr.
2675 2645 2866 2696 addita

536 2721 762 2771 versioni
815 2721 995 2771 Pesch.
1046 2718 1135 2782 (cf.
1190 2720 1393 2784 Proleg.
1443 2718 1616 2787 Tisqh.
1669 2717 1803 2782 vul,
1855 2734 1902 2782 p.
1949 2716 2066 2783 818,
2118 2716 2217 2767 819
2263 2724 2319 2768 et
2364 2719 2603 2784 noussen
2652 2719 2864 2772 Gomm.

536 2797 586 2847 S.
622 2797 688 2848 20
724 2796 790 2859 ff)
827 2812 889 2841 =
925 2807 973 2848 ο.
1042 2800 1177 2859 copt.
1215 2811 1275 2838 =
1313 2807 1344 2867 p
1379 2800 1437 2845 et
1468 2794 1581 2844 sah.
1621 2809 1680 2837 =
1715 2806 1750 2845 n
1785 2794 1925 2857 apud
1961 2794 2200 2844 Bousset.

403 2872 451 2923 1:
503 2871 550 2921 1.
602 2888 801 2936 ιωαννη
837 2887 958 2922 cum
998 2871 1221 2924 ncABP.
1256 2896 1322 2905 —
1355 2873 1425 2922 κ*
1462 2885 1659 2919 ιωανει.

435 2947 483 2998 2.

435 3100 483 3148 3.

434 3250 481 3300 4.

535 2964 633 2998 οσα
680 2964 802 2999 cum
850 2946 1073 3004 aACPQ
1106 2961 1187 3010 vg.
1223 2952 1357 3009 copt.
1393 2961 1499 3010 syr.
1534 2961 1665 2996 arm.
1702 2946 1844 2996 aeth.
1880 2946 2117 2996 Dicaeus
2149 2946 2396 2996 Ancum
2429 2946 2590 2997 Prim.
2641 2948 2867 2999 Addunt

535 3040 589 3072 τε
622 3025 650 3073 1
689 3021 920 3074 arm.0dd·
950 3024 1133 3072 Areth.
1202 3019 1311 3072 ιὸεν
1345 3037 1471 3072 cum
1506 3022 1655 3086 MR,
1691 3021 1736 3086 7,
1771 3020 1853 3071 98.
1921 3018 2029 3079 aas
2064 3017 2246 3084 (ειὸεν)
2279 3036 2404 3071 cum
2442 3022 2546 3074 ΟΡ.

535 3115 624 3148 τον
666 3097 823 3163 λογον
867 3114 989 3149 cum
1038 3100 1132 3161 RQ,
1173 3098 1289 3161 100,
1333 3099 1474 3147 aeth.
1513 3095 1590 3159 (et
1623 3097 1689 3148 36
1724 3113 1815 3147 του
1849 3093 2049 3161 λογου).
2084 3122 2151 3131 —-
2184 3112 2306 3151 τους
2338 3092 2526 3161 λογους
2559 3113 2684 3149 cum
2722 3099 2867 3149 AGP

535 3191 616 3240 vg.
652 3182 787 3239 copt.
822 3189 926 3238 syr.
963 3182 1241 3238 synsswyssss
1277 3175 1412 3224 And.
1448 3174 1567 3224 Are.
1604 3173 1854 3224 victorin.
1891 3173 2052 3222 Prim.

534 3266 792 3314 ιωαννηςε
844 3262 878 3302 κ
929 3265 1144 3313 ιωανης.
1196 3275 1263 3284 -
1312 3266 1417 3299 asto
1463 3264 1493 3299 ο
1538 3266 1618 3299 ων
1662 3265 1786 3300 cum
1833 3248 2023 3301 uAcP.
2103 3262 2209 3296 απο
2257 3264 2348 3296 του
2385 3265 2415 3297 ο
2451 3264 2530 3297 ων
2560 3249 2728 3299 invito
2761 3264 2862 3301 suo

534 3327 712 3377 codice
745 3326 912 3376 edidit
942 3326 1210 3389 Erasmus»,
1244 3326 1334 3375 sed
1370 3326 1446 3374 ita
1479 3331 1624 3376 certe
1657 3324 1739 3391 30,
1773 3324 1840 3374 92
1853 3332 1965 3388 ΜΘ,
2000 3325 2042 3389 f,
2076 3338 2175 3374 nec
2209 3323 2366 3374 aliter
2397 3325 2517 3375 Are.
2551 3326 2727 3375 editus
2759 3334 2857 3377 est.

535 3402 598 3465 B,
643 3403 691 3463 8,
738 3398 972 3451 arm.0dd·
1015 3398 1269 3460 And.b⁸V·,
1303 3405 1396 3450 etc
1448 3401 1698 3451 victorin.
1745 3400 1906 3451 Prim.
1941 3415 2047 3448 απο
2081 3397 2212 3449 θεου
2248 3417 2278 3450 ο
2313 3416 2407 3451 ων.
2441 3427 2510 3436 -
2543 3398 2580 3451 ἅ
2612 3417 2736 3452 cum
2775 3402 2862 3461 CQ

534 3478 695 3528 Ands:
746 3478 955 3527 Aresxtn
1019 3477 1238 3527 Addunt
1282 3492 1420 3526 εστιν
1465 3477 1531 3540 Ρ,
1577 3476 1626 3539 1,
1671 3474 1754 3539 38,
1789 3474 1871 3539 49,
1906 3476 2072 3526 Auem
2112 3474 2287 3526 etbav.
2321 3477 2579 3541 Are.00¹¹1·‚
2624 3478 2756 3527 item
2792 3476 2859 3528 36

532 3569 677 3602 εισιν.
758 3554 857 3615 uA,
904 3552 986 3615 47,
1033 3551 1113 3616 79,
1160 3551 1243 3616 99,
1293 3553 1455 3602 And.²²
1504 3569 1627 3602 των.
1710 3553 1891 3602 Nestle
1926 3552 2085 3613 (Eius.
2121 3555 2176 3602 in
2213 3555 2306 3603 das
2341 3555 2666 3618 griechisehe
2700 3553 2764 3607 N,
2801 3553 2858 3603 Τ.

532 3627 680 3692 1897,
717 3628 767 3679 S.
801 3628 891 3691 91)
926 3629 1055 3693 legit
1089 3645 1151 3679 τα
1184 3644 1411 3678 ενωπιον
1446 3644 1488 3680 τ.
1525 3625 1580 3678 θ.
1616 3644 1795 3678 αυτου.

533 3720 641 3753 των
664 3720 874 3767 νεκρων
897 3720 1020 3755 cum
1044 3704 1122 3757 &A
1132 3705 1267 3763 CPQ
1290 3720 1371 3769 vg.
1397 3710 1532 3768 copt.
1559 3720 1666 3769 syr.
1685 3705 1800 3754 And
1820 3712 1849 3743 ⁸
1875 3709 1968 3754 etc
1996 3704 2204 3754 Are.txt-
2218 3710 2273 3754 et
2286 3712 2405 3745 com.
2426 3705 2678 3756 Victoria.
2697 3705 2857 3757 Prim.

535 3780 894 3831 Praemittunt
926 3796 989 3828 εκ
1025 3780 1073 3845 1,
1108 3779 1190 3842 91,
1224 3779 1306 3845 96,
1342 3781 1509 3831 And.p
1549 3778 1737 3843 etham,
1772 3781 1914 3844 quod
1950 3794 2014 3829 ex
2051 3779 2162 3831 Col.
2195 3779 2222 3829 1
2247 3780 2343 3830 :18
2379 3781 2590 3831 videtur
2624 3782 2855 3833 fluxisse„

534 3871 610 3903 τω
657 3854 750 3916 (κ*
798 3854 928 3916 om.)
972 3871 1241 3921 αγᾳπωντι
1288 3871 1409 3906 curn
1457 3855 1644 3913 κΑΟΩ.
1726 3872 1800 3904 τω
1845 3871 2171 3919 αγαπησαντι
2204 3872 2327 3907 cum
2362 3856 2428 3921 Ρ,
2459 3856 2509 3920 1,
2541 3855 2624 3921 28,
2658 3856 2743 3922 36,
2779 3856 2860 3920 79,

531 3930 614 3991 91,
664 3931 843 3994 921118·⁷
896 3931 978 3993 96,
1030 3930 1112 3981 99.
1198 3948 1290 3980 και
1324 3928 1535 3980 λυσαντι
1570 3947 1692 3981 cum
1728 3930 1873 3994 κΑΟ,
1907 3930 1956 3995 1,
1990 3931 2024 3980 6
2058 3929 2113 3993 (7
2152 3930 2469 3996 utrumque)
2501 3930 2624 3995 12*,
2658 3931 2741 3997 28,
2773 3931 2856 3995 36,

533 4006 614 4069 38,
660 4005 744 4070 69,
790 4006 872 4068 79,
917 4005 1001 4067 99,
1046 4022 1150 4070 syr.
1204 4021 1334 4056 arm.
1379 4007 1644 4056 And,atxt.
1681 4007 1842 4057 Prim.
1912 4023 2002 4055 και
2038 4003 2282 4057 λουσαντι
2319 4023 2444 4058 cum
2477 4007 2573 4065 ΡΩ
2607 4023 2686 4073 vg.
2723 4014 2855 4073 oopt.

534 4080 771 4129 aethmun
808 4080 977 4130 And.p
992 4080 1079 4120 txt.
1113 4088 1169 4130 et
1181 4079 1386 4122 bav.txt.
1409 4082 1619 4131 Aresxt„
1663 4083 1719 4131 In
1748 4098 1936 4133 eornm.
1963 4082 2203 4133 Andreae
2229 4088 2284 4132 et
2308 4084 2540 4133 Arethae
2565 4090 2854 4148 utrumque
