3050 4459
426 203 519 253 46⁶2
653 205 712 267 5,
745 202 792 252 9.
1422 199 1782 254 IQANNOY
1805 200 1854 253 A

180 361 281 398 10..·›,
303 361 345 390 :m
416 345 622 404 πνεῦμα
657 338 749 390 καὶ
786 338 843 390 τὸ
877 337 1028 404 ὕδωρ
1065 337 1157 390 καὶ
1191 337 1249 389 τὸ
1284 337 1443 403 αἷμα,
1477 337 1572 389 καὶ
1606 338 1661 388 οἱ
1691 346 1827 403 τρεῖς
1860 338 1934 394 εἰς
1969 337 2026 389 τὸ
2059 338 2115 389 ἕν
2143 338 2286 389 εἰσιν.
2323 341 2356 390 9
2383 338 2433 389 εἰ
2460 336 2555 405 τὴν
2581 339 2894 405 μαρτυρίαν

421 429 528 474 τῶν
572 422 881 488 ἀνθρώπων
925 419 1289 487 λαμβάνομεν,
1337 421 1370 488 ἡ
1416 422 1682 488 μαρτυρία
1716 429 1809 473 τοῦ
1844 422 1975 474 θεοῦ
2007 422 2211 487 μείζων
2242 421 2382 474 ἐστίν
2396 461 2411 484 ,
2456 422 2534 474 ὅτι
2568 421 2702 489 αὕτη
2739 421 2891 474 ἐστὶν

422 507 453 574 ἦ
497 505 762 573 μαρτυρία
810 513 901 558 τοῦ
936 506 1096 568 θεοῦ,
1141 506 1219 557 ὅτι
1251 505 1660 573 μεμαρτύρηκεν
1691 506 1812 573 περὶ
1847 513 1938 558 τοῦ
1973 507 2090 558 υἱοῦ
2125 505 2305 559 αὐτοῦ.
2342 509 2409 559 10
2443 505 2474 556 ὁ
2503 505 2770 558 πιστεύων
2805 507 2886 565 εἷς

420 590 507 643 τὸν
556 589 673 643 υἱὸν
720 597 810 643 τοῦ
847 590 978 642 θεοῦ
1013 591 1120 657 ἔχει
1157 589 1250 657 τὴν
1281 591 1577 656 μαρτυρίαν
1610 589 1666 642 ἐν
1700 590 1861 657 αὐτῷ·
1909 590 1940 641 ὁ
1971 589 2048 657 μὴ
2081 590 2343 643 πιστεύων
2377 599 2452 657 τῷ
2487 590 2601 657 θεῷ
2636 591 2888 658 ψεύστην

215 689 245 722 2.
268 688 310 719 25
416 674 705 741 πεποίηκεν
748 672 937 737 αὐτόν,
983 674 1061 725 ὅτι
1103 673 1166 725 οὐ
1199 675 1546 726 πεπίστευκεν
1578 674 1653 732 εἰς
1689 673 1782 740 τὴν
1813 674 2108 740 μαρτυρίαν
2142 675 2208 741 ἣν
2240 674 2648 742 μεμαρτύρηκεν
2683 675 2714 726 ὁ
2749 675 2886 733 θεὸς

415 759 536 825 περὶ
584 765 674 810 τοῦ
723 759 839 810 υἱοῦ
885 757 1063 810 αὐτοῦ.
1115 760 1176 811 11
1226 758 1320 810 καὶ
1365 757 1497 826 αὕτη
1540 758 1678 812 ἐστὶν
1714 758 1746 825 ἦ
1778 759 2072 825 μαρτυρία,
2117 760 2194 810 ὅτι
2232 757 2380 826 ζωὴν
2414 758 2631 811 αἰώνιον
2664 759 2882 812 ἔδωκεν

553 1051 708 1101 Krab.
746 1065 793 1112 p.
829 1048 944 1110 15):
997 1049 1170 1112 „Dicit
1215 1049 1488 1098 dominus:
1541 1048 1659 1111 Eyo
1704 1055 1755 1098 et
1798 1056 1962 1112 pater
2009 1064 2180 1098 unum
2226 1065 2430 1110 sumus,
2485 1055 2540 1098 et
2572 1050 2770 1099 iterum
2811 1052 2880 1101 de

551 1133 698 1190 patre
735 1131 789 1175 et
825 1124 932 1174 filio
967 1131 1024 1174 et
1055 1124 1243 1185 spiritu
1278 1129 1460 1174 sancto
1494 1124 1749 1187 scriptum
1786 1129 1892 1173 est:
1927 1124 1998 1174 Ec
2035 1131 2140 1174 tres
2175 1141 2349 1175 unum
2373 1126 2550 1175 sunt?⁹
2587 1126 2655 1174 At
2683 1128 2876 1177 rectis-

551 1203 683 1258 sime
718 1201 783 1250 de
817 1200 1003 1249 eodem
1038 1198 1289 1264 Cypriani
1324 1200 1435 1248 loco
1470 1199 1795 1249 existimavit
1829 1197 2326 1249 Facundum-emed-
2353 1215 2444 1264 pro
2474 1200 2676 1250 defenS.
2702 1202 2876 1252 trium

550 1293 693 1342 capp.
730 1277 779 1338 1,
813 1276 860 1326 3.
915 1277 1024 1340 „De
1060 1281 1209 1339 patre
1245 1273 1352 1323 sslio
1386 1282 1441 1324 et
1473 1275 1596 1337 spir.
1632 1281 1814 1324 saneto
1848 1276 2002 1325 dicit:
2037 1276 2164 1325 Tres
2197 1281 2325 1325 sunt
2358 1277 2451 1339 qui
2487 1278 2684 1326 testim.
2722 1278 2878 1332 dant.

550 1355 767 1419 spiritus
818 1366 960 1416 aqua
1009 1357 1065 1401 et
1114 1351 1346 1414 sanguiS‚
1406 1355 1462 1399 et
1512 1351 1568 1400 hi
1619 1356 1729 1399 tres
1778 1364 1949 1399 unum
2001 1355 2155 1400 sunt:
2217 1352 2273 1401 in
2323 1352 2514 1414 spiritu
2566 1351 2880 1416 significans

552 1436 752 1494 patrem
804 1454 870 1462 —
916 1428 971 1476 in
1018 1440 1159 1490 aqua
1204 1440 1325 1475 vero
1371 1426 1494 1490 spir.
1528 1440 1570 1476 S.
1606 1423 1908 1489 significans
1943 1450 2009 1459 —
2043 1427 2100 1476 in
2134 1427 2394 1490 sanguine
2429 1442 2552 1478 vero
2587 1427 2761 1478 filium
2799 1432 2878 1479 si-

549 1505 806 1571 gnificans
849 1529 916 1537 —
961 1502 1111 1561 Quod
1158 1507 1336 1554 tamen
1388 1502 1600 1551 loannis
1645 1516 1725 1565 ap.
1760 1502 2127 1551 testimonium
2165 1503 2212 1551 b.
2263 1503 2563 1566 Cyprianus
2613 1505 2668 1553 in
2715 1507 2878 1568 epist.

548 1583 656 1632 sive
706 1580 839 1630 libro
890 1594 1053 1643 quem
1103 1579 1167 1627 de
1220 1577 1429 1626 unitate
1479 1578 1701 1641 scripsit,
1752 1578 1816 1626 de
1867 1583 2017 1640 patre
2072 1583 2128 1627 et
2181 1577 2289 1627 filio
2340 1583 2396 1627 et
2445 1579 2633 1642 spiritu
2685 1588 2878 1630 sancto

548 1659 750 1707 dictum
786 1653 1088 1719 intelligit-„3²
1124 1652 1196 1702 Ut
1227 1653 1394 1714 igitur
1426 1652 1707 1702 Facundus
1743 1667 1925 1702 eorum
1963 1653 2244 1703 verborum
2280 1653 2346 1701 de
2369 1653 2566 1716 quibus
2590 1656 2878 1717 quaeritur

550 1733 684 1782 nihil
733 1732 787 1779 in
835 1730 946 1779 cod.
992 1744 1088 1779 suo
1133 1728 1337 1777 invenit
1384 1741 1445 1776 ac
1490 1733 1673 1777 tamen
1719 1742 1783 1777 ea
1828 1743 1967 1792 quae
2002 1729 2066 1777 de
2100 1729 2222 1791 spir.
2257 1734 2311 1778 et
2345 1742 2488 1792 aqua
2520 1734 2575 1778 et
2608 1731 2876 1794 sanguine

547 1809 769 1858 Ioannes
801 1805 1010 1868 scripsit
1043 1806 1107 1854 de
1142 1804 1383 1853 trinitate
1416 1804 1560 1852 dicta
1591 1818 1704 1853 esse
1740 1805 1930 1868 posuit,
1965 1806 2042 1853 ita
2075 1805 2183 1854 iam
2217 1803 2527 1868 Cyprianus,

615 1882 951 1931 omittunt
1001 1893 1139 1940 vero,
1203 1884 1412 1940 praeter
1460 1878 1575 1927 cdd.
1629 1878 2019 1928 recentissimos
2068 1879 2187 1929 illos
2236 1879 2358 1941 duo,
2409 1878 2585 1928 codd.
2637 1877 2874 1930 Graeci

547 1972 768 2008 omnes
803 1957 834 2005 i.
870 1969 915 2005 e.
950 1953 1226 2007 nABKLP
1259 1969 1383 2002 cnm
1422 1953 1744 2003 lectionariis
1778 1953 2025 2003 omnibus
2059 1951 2292 2017 (plus50),
2327 1954 2478 2019 item,
2513 1960 2724 2019 praeter
2753 1957 2870 2006 cdd.

548 2033 761 2082 Latinos
796 2031 1051 2093 plurimos
1084 2043 1244 2092 supra
1278 2033 1615 2090 memoratos
1660 2030 1998 2079 versiones
2042 2044 2275 2079 omnes
2327 2031 2600 2080 Accedunt
2644 2035 2874 2094 patres

547 2107 796 2167 Graeci,
841 2106 935 2168 qui
971 2104 1055 2152 vel
1090 2117 1227 2166 quae
1264 2103 1588 2167 praecedunt
1618 2108 1675 2152 et
1707 2118 1845 2167 quae
1879 2110 2182 2168 sequuntur
2214 2106 2462 2169 afferunt,
2498 2107 2579 2155 vel
2615 2107 2669 2156 in
2706 2121 2870 2170 argu-

548 2182 743 2232 mentis
788 2195 879 2243 pro
927 2179 1166 2228 trinitate
1213 2178 1589 2241 conquirendis
1623 2179 1727 2228 ista
1758 2180 1802 2228 si
1838 2181 2091 2243 legissent
2126 2181 2284 2231 verba
2319 2183 2677 2245 maximopere
2712 2183 2870 2232 adhi-

544 2258 706 2308 bituri
760 2256 924 2307 fuisse
973 2253 1221 2304 credendi
1271 2259 1415 2314 sunt,
1464 2254 1762 2317 gravissimi
1816 2256 1896 2305 hi:
1950 2256 2017 2306 lr.
2069 2256 2234 2306 Clem.
2281 2256 2367 2307 Or.
2414 2258 2538 2307 Ath.
2587 2258 2701 2308 Did.
2753 2258 2872 2308 Bas

546 2333 729 2397 Epiph.
798 2330 918 2394 Cyr.
983 2329 1185 2388 Quibus
1247 2328 1461 2379 Graecis
1512 2330 1835 2394 adiungendi
1887 2337 2016 2381 sunt
2065 2332 2287 2381 Latini
2342 2333 2559 2394 multi,
2614 2339 2676 2382 ut
2724 2333 2870 2383 Tert.

546 2409 671 2460 Lcif.
711 2408 808 2457 llil.
844 2406 995 2456 Amb.
1032 2405 1266 2456 Faustin.
1304 2405 1436 2468 Aug.
1474 2406 1611 2455 Hier.
1647 2405 1835 2469 (quem
1870 2408 1926 2456 in
1961 2408 2248 2457 editionem
2284 2422 2438 2457 suam
2476 2424 2582 2458 non
2609 2408 2871 2472 recepisse

546 2488 847 2536 luculenter
878 2487 1145 2532 testantur
1182 2487 1392 2543 praeter
1425 2487 1625 2531 ceteros
1658 2483 1862 2532 codices
1896 2498 2000 2533 am.
2034 2491 2090 2532 et
2124 2483 2223 2545 fu.)
2258 2488 2357 2533 etc.

614 2562 739 2611 Post
772 2559 1024 2609 Graecam
1062 2558 1354 2606 versionem
1389 2564 1549 2607 actor.
1586 2556 1813 2606 Latinor.
1849 2559 2056 2608 concilii
2081 2557 2324 2609 Lateran.
2347 2575 2394 2610 a.
2420 2559 2554 2609 1215
2590 2561 2868 2624 primum

548 2638 787 2687 Graece
838 2635 1017 2684 edita
1063 2637 1191 2682 sunt
1236 2634 1293 2683 in
1340 2632 1421 2682 ed.
1469 2631 1669 2696 Gompl.
1717 2648 1763 2681 a.
1798 2632 1932 2683 1514
1976 2631 2054 2681 ὅτι
2091 2638 2226 2696 τρεῖς
2260 2632 2390 2684 εἰσιν
2423 2634 2479 2685 οἱ
2504 2653 2662 2699 μαρτ.
2697 2633 2753 2685 ἐν
2789 2644 2868 2700 τῷ

547 2709 681 2776 οὐρ.,
727 2708 758 2759 ὁ
799 2704 974 2773 πατὴρ
1021 2704 1113 2757 καὶ
1149 2705 1179 2755 ὁ
1211 2704 1364 2771 λόγος
1397 2703 1490 2756 καὶ
1516 2704 1584 2762 ,τὸ
1619 2703 1766 2771 ἅγιον
1798 2712 2024 2770 πνεῦμα,
2071 2704 2164 2757 καὶ
2199 2707 2256 2758 οἱ
2285 2713 2421 2774 τρεῖς
2454 2708 2528 2765 εἷς
2565 2708 2622 2760 τὸ
2657 2709 2714 2760 ἕν
2746 2707 2866 2761 εἶσι.

546 2784 637 2838 καὶ
674 2791 809 2850 τρεῖς
842 2782 972 2834 εἰσιν
1006 2781 1061 2832 οἵ
1088 2799 1244 2846 μαρτ.
1281 2779 1365 2832 ἐπὶ
1401 2786 1491 2846 τῆς
1526 2787 1638 2847 γῆς,
1675 2778 1732 2831 τὸ
1767 2799 1852 2832 πν.
1889 2779 1981 2832 καὶ
2019 2779 2075 2832 τὸ
2109 2781 2193 2833 ὕὸ.
2230 2781 2323 2834 καὶ
2358 2781 2416 2834 τὸ
2450 2782 2597 2848 αἷμα.
2649 2787 2868 2851 (Sequi-

546 2871 637 2915 tur
680 2860 729 2913 εἰ
775 2857 869 2926 τὴν
914 2859 1055 2922 etc.),
1105 2865 1223 2909 tum
1259 2861 1311 2908 in
1348 2859 1427 2908 ed.
1464 2859 1670 2908 Erasmi
1705 2859 1864 2908 tertia
1899 2873 1944 2908 a.
1978 2857 2135 2919 1522)
2171 2863 2409 2911 nondum
2443 2862 2586 2911 enim
2624 2863 2869 2911 ediderat

546 2939 679 2992 1516
724 2945 779 2988 et
823 2934 995 2998 1518),
1040 2940 1159 2985 tum
1205 2935 1261 2984 in
1295 2934 1411 2982 edd.
1450 2933 1576 2983 Rob.
1612 2934 1792 2997 Steph.
1826 2933 2176 2997 1546—1569‚
2223 2938 2278 2986 in
2315 2938 2429 2986 edd.
2467 2937 2630 2988 Bezae
2663 2938 2866 2988 1565—

545 3015 694 3078 1576,
756 3020 920 3077 atque
985 3012 1108 3061 iude
1165 3011 1377 3059 transiit
1425 3009 1482 3058 in
1533 3009 1791 3058 editiones
1840 3009 2204 3061 ElzevirianaS.
2274 3011 2559 3062 Catholicis
2613 3013 2868 3065 Romanis

547 3092 744 3143 tradita
786 3095 916 3140 sunt
966 3084 1192 3138 edd‚sixt.
1234 3083 1412 3146 (1590)
1460 3089 1515 3133 et
1530 3081 1732 3123 clement
1764 3083 1958 3146 (1592).
2027 3085 2373 3138 Lutherus
2418 3089 2567 3150 (ante
2602 3104 2762 3153 quern
2800 3107 2866 3141 ex

545 3186 627 3234 vg.
675 3167 990 3218 Germanice
1036 3165 1139 3213 iam
1188 3175 1338 3211 versa
1382 3159 1559 3222 erant)
1592 3176 1656 3209 ea
1690 3176 1795 3211 non
1831 3164 2004 3222 vertit,
2053 3163 2176 3212 hinc
2211 3178 2315 3212 non
2355 3164 2620 3214 habentur
2652 3166 2708 3214 in
2745 3167 2864 3216 edd.

545 3245 715 3296 Viteb.
751 3243 817 3292 ab
851 3256 991 3291 anno
1025 3238 1157 3288 1522
1195 3251 1363 3301 usque
1398 3235 1547 3298 1545,
1581 3236 1671 3285 sed
1707 3237 2050 3299 reperiuntur
2083 3239 2138 3288 in
2174 3239 2289 3288 edd.
2326 3238 2664 3289 Lutheranae
2700 3242 2866 3292 versi-

545 3323 660 3372 onis
705 3318 974 3382 Tigurinis
1005 3313 1154 3377 1529,
1186 3312 1314 3363 1531
1356 3313 1607 3362 distincta
1641 3313 1834 3362 litteris
1868 3313 2196 3372 minusculis,
2242 3317 2297 3364 in
2334 3316 2452 3365 edd.
2487 3317 2867 3380 posterioribus

540 3393 807 3447 4534-89
859 3394 1063 3442 inclusa
1116 3390 1338 3451 unciniS,
1390 3395 1506 3451 post
1557 3401 1679 3437 vero
1730 3389 1784 3437 in
1838 3389 1919 3438 ed.
1970 3387 2119 3453 1597,
2170 3391 2249 3440 ed.
2298 3390 2534 3441 Francos.
2581 3390 2731 3455 1593,
2781 3394 2864 3442 ed.

542 3474 710 3524 Viteb.
746 3469 894 3533 1596,
930 3470 1154 3531 aliisque
1187 3466 1388 3528 absque
1423 3464 1537 3513 ulla
1570 3465 1902 3514 distinctione
1935 3463 2350 3528 (Tischendorf).
2400 3467 2509 3516 Vss.
2538 3466 2583 3528 7,
2609 3470 2642 3516 8
2663 3469 2864 3531 glosse-

542 3555 703 3610 mata,
738 3547 1003 3596 Scholten.
1058 3542 1135 3592 cf.
1174 3542 1374 3604 Balj0n,
1409 3539 1598 3590 Geloof
1627 3554 1695 3588 en
1731 3540 1982 3604 Vrijheid,
2018 3540 2166 3604 1887,
2199 3541 2225 3590 1
2266 3542 2379 3591 Joh.
2416 3542 2448 3591 5
2483 3558 2494 3592 :
2530 3542 2713 3592 6—10.

439 3627 485 3676 9.
538 3642 615 3674 οτι
667 3622 960 3674 secundum
1012 3633 1135 3669 cum
1186 3616 1335 3677 nAB,
1384 3616 1433 3677 5,
1484 3614 1533 3676 6,
1583 3613 1665 3678 13,
1715 3614 1796 3678 27,
1841 3615 1925 3680 29,
1970 3615 2052 3680 34,
2098 3615 2215 3681 66³⁶,
2266 3633 2343 3681 vg.
2392 3619 2505 3672 sah.
2553 3625 2689 3681 copt.
2725 3633 2856 3669 arm.

539 3717 606 3765 ην
639 3714 762 3750 cum
799 3697 940 3747 KLP
972 3701 1072 3746 cat.

405 3778 486 3827 10.
538 3792 645 3841 εχει
692 3790 786 3838 την
828 3786 1124 3834 μαρτυριαν
1168 3769 1282 3818 siue
1330 3784 1372 3815 τ.
1420 3764 1503 3816 os.
1553 3781 1675 3816 cum
1721 3768 1960 3819 xBKLP.
2015 3769 2234 3818 Addunt
2280 3784 2368 3816 του
2405 3765 2534 3817 θεου
2569 3768 2614 3816 Α
2655 3784 2736 3832 vg.
2805 3785 2865 3817 εν

538 3867 685 3902 αυτω
732 3864 857 3898 cum
902 3846 1142 3896 ABKLP
1176 3849 1274 3894 cat.
1309 3843 1537 3908 Thphyl.
1605 3859 1662 3891 εν
1696 3857 1868 3892 εαυτω
1902 3858 2022 3893 cum
2061 3856 2095 3896 κ
2129 3841 2405 3908 cynaetfn,
2475 3859 2550 3892 τω
2584 3839 2703 3892 θεω
2736 3859 2858 3893 cum

538 3924 763 3978 xBKLP
811 3928 910 3971 cat.
960 3934 1094 3985 copt.
1147 3917 1574 3983 syr,sch.etptxt.
1659 3933 1735 3967 τω
1786 3933 1890 3966 υιω
1941 3934 2062 3968 cum
2116 3920 2181 3983 A,
2227 3919 2276 3982 5,
2324 3918 2405 3982 27,
2451 3917 2533 3982 29,
2577 3917 2732 3981 ὃὸἣ,
2778 3934 2861 3984 vg.

537 3997 786 4061 (emme)
820 4005 958 4061 syn-,p
974 4006 1069 4046 ms·

404 4076 484 4126 11.
538 4091 665 4138 ημιν
699 4090 729 4121 ο
764 4071 888 4125 θεος
923 4087 1045 4121 cum
1081 4071 1336 4122 ⁸⁴4KLP:
1372 4071 1435 4132 Β,
1469 4069 1551 4133 31,
1586 4068 1670 4133 38,
1703 4069 1818 4130 137,
1854 4069 1997 4132 heca,
2033 4077 2172 4133 sym)
2211 4085 2240 4116 ο
2277 4066 2401 4122 θεος
2435 4085 2578 4133 ημιν.
