3050 4459
270 2598 315 2644 p.
352 2580 450 2630 ‘130

270 2767 317 2813 p.
360 2748 467 2797 138.

270 2851 315 2896 p.
350 2833 463 2882 142.

270 2935 314 2980 p.
353 2916 463 2966 148.

271 3018 317 3064 μ.
353 3000 466 3050 153.

270 3187 316 3233 1».
352 3168 466 3218 154.

271 3270 318 3315 p.
355 3252 469 3303 160.

273 3354 317 3399 p.
353 3336 466 3386 160.

270 3439 315 3485 p.
352 3420 465 3472 171.

270 3522 314 3567 p.
350 3504 462 3554 174.

272 3606 318 3652 p.
356 3588 469 3638 179.

273 3774 319 3820 p.
353 3756 468 3807 197.

272 3858 318 3904 p.
355 3841 468 3891 200.

272 4025 319 4072 p.
355 4007 470 4059 219.

1034 233 1295 271 ADDENDA
1333 234 1396 271 ετ
1432 231 1803 270 οοῐιηιαεκω.
2548 216 2646 268 729

522 396 620 447 Mc.
654 395 688 443 9
725 411 735 444 :
769 394 836 443 12
890 396 943 443 in
997 400 1177 443 annot.
1229 395 1261 442 l.
1314 393 1347 442 4
1393 392 1553 442 adde:
1607 389 1801 455 synsin·
1849 392 1979 456 legit
2026 407 2115 454 pro
2163 407 2245 440 ινα
2285 428 2295 438 .
2338 427 2348 437 .
2389 427 2399 437 .
2437 387 2646 448 εξουὸ..’

524 480 701 541 Nicht‚
749 481 869 528 dass
914 494 973 527 er
1019 479 1121 528 viel
1158 478 1329 527 leiden
1366 477 1494 526 wird
1533 477 1642 527 und
1678 476 1806 525 wit-d
1843 476 2155 539 gekreuzigt
2189 476 2401 526 werden
2438 473 2642 538 (ΜΕΝ).

526 563 622 612 Me.
657 562 691 611 9
726 578 737 611 :
774 562 838 612 17
876 564 931 613 in
967 567 1146 613 annot.
1182 559 1378 625 syrafin·
1409 560 1615 610 omittit
1646 556 1854 609 αλαλον.

532 648 630 697 Mc.
664 645 699 695 9
734 662 746 695 :
781 646 847 695 33
880 648 935 696 in
976 654 1156 696 annot.
1191 646 1324 694 adde
1359 643 1554 709 synssin·
1591 650 1705 707 post
1739 640 1811 693 Π.

526 732 625 781 Mo.
662 731 728 781 10
764 747 774 780 :
810 730 877 780 24
925 731 978 780 in
1026 736 1205 779 annot.
1253 731 1287 778 l.
1334 728 1367 777 2
1416 735 1531 792 post
1574 729 1628 778 N
1670 728 1829 778 adde:
1878 728 1926 790 b,
1975 729 2012 791 f,
2060 728 2134 791 gl,
2171 731 2205 790 l,
2240 744 2292 792 q,
2331 744 2411 792 vg.
2448 729 2648 792 synnutr·

528 812 722 879 synssiu·
756 820 855 864 ete.

447 938 458 950 .
530 900 625 949 Mc.
662 898 721 948 11
764 915 773 947 :
814 898 838 948 1
880 899 935 947 in
970 904 1149 947 annot.
1186 900 1218 946 1.
1255 895 1289 945 3
1323 904 1439 961 post
1470 911 1555 959 vy.
1591 896 1752 946 adde:
1788 893 1983 959 synzssin·
2009 911 2085 950 εις
2109 892 2300 960 Βηθφ.
2335 911 2410 949 εις
2435 891 2645 958 Βηθαν.

447 1020 459 1033 .
530 984 627 1033 Mc.
661 982 723 1032 11
764 999 774 1030 :
809 981 877 1031 13
909 983 965 1032 in
1000 990 1177 1031 annot.
1215 983 1248 1031 l.
1285 981 1316 1028 ὃ
1352 981 1487 1030 adde
1522 986 1641 1043 post
1671 975 1942 1043 ylossema
1969 995 2109 1030 esse:
2146 979 2231 1030 Sic
2249 980 2413 1029 etiam
2434 980 2644 1028 videtur

532 1068 802 1117 Holstenio
835 1066 885 1116 Z.
923 1066 958 1116 f.
994 1082 1057 1115 w.
1094 1066 1190 1115 Th.
1222 1063 1383 1127 1890,
1419 1065 1470 1114 S.
1504 1063 1621 1114 140.

449 1190 460 1202 .
528 1152 625 1201 Me.
660 1151 726 1200 12
761 1166 772 1200 :
808 1150 874 1201 27
911 1153 1026 1213 lege
1060 1146 1295 1208 ζώντων.

448 1271 457 1280 .
526 1236 623 1285 Mc.
657 1235 724 1285 13
761 1251 771 1285 :
809 1235 839 1282 7
876 1236 928 1284 in
978 1240 1156 1284 annot.
1205 1237 1237 1284 1.
1283 1234 1316 1283 4
1358 1234 1491 1283 adde
1528 1240 1645 1297 post
1677 1233 1768 1284 Mt.
1806 1232 1872 1282 24
1907 1249 1920 1283 :
1956 1232 2014 1283 6:
2053 1233 2156 1283 Alii
2191 1234 2336 1284 codd.
2375 1230 2646 1296 θροεισθε.

452 1359 462 1369 .
530 1319 627 1369 Mc.
664 1319 730 1369 14
765 1336 776 1368 :
813 1320 879 1369 24
914 1320 967 1369 in
1007 1324 1185 1369 annot.
1222 1320 1256 1369 1.
1291 1317 1324 1367 2
1358 1318 1491 1368 adde
1526 1315 1723 1382 Syr.⁸i⁰·
1757 1324 1873 1381 post
1903 1314 1976 1368 ΙΙ.

529 1404 626 1454 Mc.
661 1404 728 1453 15
763 1420 774 1453 ι
810 1404 877 1453 34
911 1405 965 1454 in
1013 1410 1192 1453 annot.
1241 1405 1273 1452 1.
1310 1402 1335 1451 1
1380 1404 1495 1466 lege
1531 1408 1649 1465 post
1683 1403 1761 1452 B.-
1807 1402 1947 1452 Tert.
1985 1400 2179 1466 prax.25
2212 1408 2268 1451 et
2303 1402 2532 1453 Valentt.
2569 1418 2648 1466 ap.

532 1487 740 1538 11·‚1,8,2,

450 1610 461 1621 .
530 1572 627 1622 Mc.
662 1570 729 1621 15
765 1587 775 1621 ;
812 1571 879 1621 42
926 1574 981 1621 in
1027 1578 1209 1621 annot.
1256 1570 1453 1635 syrsfin-
1499 1572 1628 1635 legit
1673 1587 1745 1621 νε.
1786 1570 1852 1621 42
1887 1572 1960 1621 nil
1997 1572 2124 1621 nisi:
2174 1570 2289 1621 Und
2327 1587 2383 1621 es
2419 1586 2530 1621 war
2563 1586 2648 1620 am

537 1656 769 1707 Sabbath
805 1655 1014 1718 (Mer-x).

450 1779 461 1791 .
531 1741 627 1790 Mc.
664 1740 730 1789 16
768 1756 779 1790 :
812 1740 980 1790 9-20
1013 1742 1068 1791 in
1114 1746 1295 1791 annot.
1343 1743 1376 1790 l.
1423 1741 1455 1789 2
1502 1747 1620 1804 post
1660 1739 1759 1789 138
1794 1741 1955 1790 adde:
2001 1741 2052 1789 K
2086 1741 2215 1804 legit
2249 1707 2372 1803 post·
2400 1741 2653 1803 „tenebat

531 1825 676 1874 enim
729 1825 847 1874 illos
898 1831 1099 1875 tremor
1143 1830 1199 1873 et
1246 1839 1405 1887 pavor
1450 1830 1662 1888 propter
1696 1824 2002 1874 timorem”:
2055 1825 2235 1874 omnia
2267 1831 2447 1874 autem
2485 1840 2650 1889 quae-

531 1923 762 1971 cumque
816 1914 1094 1972 praecepta
1137 1916 1293 1958 erant
1336 1909 1412 1959 eis
1458 1909 1555 1972 qui
1600 1924 1721 1958 cum
1759 1908 1914 1958 Petro
1948 1915 2103 1958 erant
2135 1907 2213 1970 (in
2249 1909 2389 1958 eod.:
2433 1915 2488 1958 et
2521 1925 2571 1973 q.
2608 1926 2649 1960 c.

532 1992 717 2056 puero)
764 2000 1134 2056 exposuerunt.
1187 1993 1312 2043 Post
1359 1994 1488 2042 haec
1522 1997 1579 2041 et
1611 1993 1721 2056 ipse
1759 1992 1947 2041 Hiesns
1979 1993 2225 2055 adparuit
2259 1999 2315 2042 et
2350 1993 2416 2042 ab
2452 1995 2652 2043 oriente

536 2090 704 2139 usque
752 2077 805 2125 in
852 2076 1180 2126 occidentem
1228 2078 1374 2126 misit
1409 2091 1501 2140 per
1535 2077 1652 2125 illos
1686 2082 1923 2125 sanctam
1960 2084 2015 2125 et
2049 2078 2408 2139 incorruptam
2449 2078 2652 2140 praedi-

532 2161 795 2210 cationem
828 2161 1018 2210 salutis
1051 2166 1312 2211 aeternae.
1349 2161 1535 2210 Amen.

534 2244 631 2295 Mc.
664 2244 732 2294 16
768 2260 779 2294 :
814 2243 982 2294 9-20
1015 2246 1069 2295 in
1106 2251 1287 2294 annot.
1324 2246 1357 2294 1.
1393 2243 1425 2293 2
1460 2246 1575 2308 lege
1609 2251 1795 2307 postea
1828 2252 1882 2294 et
1918 2246 1950 2295 1.
1987 2243 2020 2292 3
2049 2249 2166 2308 post
2192 2242 2434 2300 Αναστας
2465 2242 2524 2294 δε
2554 2252 2653 2296 etc.

532 2330 780 2379 Eundum
817 2330 1081 2393 duplicem
1119 2330 1281 2380 finem
1311 2330 1614 2379 invenimus
1643 2328 1804 2378 etiam
1830 2330 1886 2378 in
1908 2329 2055 2379 codd.
2091 2326 2216 2379 Wet
2238 2328 2333 2393 512,
2363 2331 2651 2381 breviorem

532 2418 712 2462 tamen
746 2412 886 2474 (vide
922 2412 998 2475 Κ)
1033 2415 1087 2463 in
1124 2414 1331 2463 duobus
1365 2414 1509 2463 codd.
1547 2414 1704 2475 aeth„
1740 2412 1936 2464 2741118-
1966 2420 2022 2462 et
2050 2411 2285 2477 synwbit·
2338 2412 2414 2463 Cf.
2444 2414 2652 2477 Nosne,

534 2498 667 2545 Einf.
705 2499 757 2546 in
794 2498 886 2547 das
921 2497 1007 2547 Gr.
1045 2498 1108 2547 N.
1143 2499 1199 2548 Τ.
1236 2498 1285 2548 S.
1322 2497 1402 2546 87.

535 2581 589 2630 in
635 2588 815 2631 annot.
864 2586 895 2632 1.
941 2580 1009 2630 13
1055 2584 1170 2645 lege
1216 2580 1315 2632 819
1362 2597 1452 2644 pro
1500 2580 1599 2630 825
1647 2586 1700 2629 et
1735 2582 1769 2628 1.
1806 2580 1871 2629 25
1907 2580 2066 2630 adde:
2123 2582 2361 2643 Burgon,
2405 2581 2516 2631 The
2553 2584 2654 2631 last

534 2667 724 2714 twelve
760 2681 932 2715 verses
966 2667 1025 2715 of
1051 2665 1127 2715 St.
1162 2665 1330 2725 Mark,
1364 2663 1511 2714 1871.

540 2749 622 2797 Le.
657 2749 689 2796 2
726 2765 736 2796 :
773 2748 840 2795 36
874 2749 927 2796 in
965 2753 1144 2797 annot.
1182 2746 1378 2810 synflin·
1412 2749 1543 2810 legit
1577 2762 1777 2810 ημερας
1813 2762 1906 2810 pro
1939 2762 2044 2810 ετη.

537 2833 620 2880 Lc.
655 2832 688 2879 3
724 2847 733 2880 :
770 2829 836 2880 23
873 2833 926 2880 ‘m
960 2836 1140 2880 annot.
1173 2834 1289 2895 lege
1326 2831 1676 2880 Bornemann.

538 2916 620 2966 Le.
657 2916 689 2964 5
725 2931 737 2964 :
774 2914 838 2965 19
874 2917 927 2965 in
963 2920 1143 2964 annot.
1180 2912 1375 2978 synnsin·
1409 2916 1611 2964 omittit
1644 2911 1731 2964 δια
1767 2930 1874 2962 των
1909 2929 2182 2977 κεραμων.

538 3000 622 3049 Le.
659 2999 691 3049 6
728 3015 739 3049 ε
774 3000 840 3049 20
875 3001 927 3049 in
977 3004 1157 3049 annot.
1206 2999 1237 3048 l.
1286 2998 1332 3049 3.
1387 2997 1591 3063 Synein·
1623 3000 1755 3063 legit
1788 3014 1967 3048 αυτων
2003 3014 2093 3062 pro
2127 3015 2352 3062 υμετερα
2388 3006 2444 3050 et
2481 3016 2552 3051 vs,
2587 3001 2660 3051 ‘21'

535 3099 658 3133 cum
694 3082 780 3146 κ’,
816 3085 879 3147 X,
913 3082 995 3147 69,
1032 3084 1079 3147 b,
1115 3098 1161 3146 e,
1198 3082 1282 3146 ss'2,
1317 3082 1373 3147 gl
1408 3080 1875 3148 χορθασθησονται
1910 3090 1966 3133 et
1997 3080 2317 3147 γελασουσιν,

538 3169 620 3218 Le.
655 3169 689 3217 6
724 3185 733 3218 ;
771 3167 838 3217 33
872 3169 987 3232 lege
1022 3163 1174 3216 ἐστίν.

539 3253 624 3302 Le.
662 3252 691 3301 7
730 3267 741 3301 :
776 3252 842 3303 35
877 3254 931 3302 in
967 3263 1146 3303 annot.
1186 3255 1216 3302 1.
1253 3252 1284 3300 2
1320 3253 1453 3302 adde
1488 3250 1681 3316 syr.⁸i¹1·
1717 3258 1830 3316 post
1864 3261 2017 3317 sym).

542 3338 622 3386 Le.
660 3337 688 3385 7
726 3354 736 3387 :
775 3336 840 3385 36
874 3338 1034 3386 adde:
1071 3337 1147 3387 cf.
1185 3336 1396 3399 Baljon²
1430 3337 1613 3386 Theol.
1647 3336 1902 3401 Tijdschr.
1935 3335 2062 3386 1891
2084 3374 2097 3399 ,
2133 3337 2201 3388 bl.
2239 3335 2519 3388 478-480.

538 3422 621 3471 Le.
657 3420 690 3469 9
726 3437 737 3470 τ
775 3421 832 3470 51
875 3428 926 3471 et
964 3438 1012 3486 p.
1047 3421 1146 3471 220
1182 3422 1264 3471 Lc.
1300 3421 1365 3470 22
1402 3437 1414 3471 :
1451 3419 1517 3470 32
1553 3423 1668 3485 lege
1700 3416 1941 3485 ἐστήριξε
1976 3428 2031 3471 et
2064 3418 2326 3486 στήριξον.

534 3506 616 3556 Le.
653 3505 719 3554 10
754 3521 764 3554 :
801 3505 864 3555 17
900 3507 953 3555 in
990 3511 1170 3556 annot.
1207 3508 1240 3554 l.
1276 3505 1308 3554 2
1341 3506 1475 3554 adde
1510 3504 1707 3569 synusia-
1744 3511 1859 3568 post
1892 3512 2033 3568 synt)
2048 3513 2142 3555 ¹¹¹8·

541 3589 623 3639 Lc.
660 3588 718 3639 11
760 3606 771 3639 ;
808 3590 873 3640 19
924 3592 978 3640 in
1038 3596 1217 3640 annot.
1278 3592 1310 3639 l.
1368 3589 1393 3638 1
1452 3587 1648 3652 syn-³1¹1·
1697 3590 1825 3653 legit
1873 3605 1935 3636 εκ
1990 3605 2097 3638 των
2147 3606 2282 3639 υιων
2333 3606 2489 3652 υμων
2541 3600 2654 3654 post

536 3670 797 3736 δαιμονια.

540 3758 623 3807 Le.
659 3757 725 3808 16
762 3775 772 3807 :
809 3757 833 3806 1
877 3760 929 3807 in
964 3765 1144 3809 annot.
1178 3761 1295 3822 lege
1329 3764 1428 3808 etc.

540 3842 622 3892 Lc.
658 3841 721 3890 17
760 3857 771 3891 :
808 3841 872 3891 10
907 3843 959 3891 in
997 3848 1176 3892 annot.
1213 3842 1372 3891 adde:
1421 3840 1618 3905 synsiu·
1651 3842 1851 3892 omittit
1884 3858 2104 3905 αχρειοι.
2157 3842 2235 3894 cf.
2265 3844 2437 3905 Marx,
2474 3843 2523 3892 S.
2556 3843 2654 3892 245

538 3932 593 3975 et
628 3926 801 3987 BlasQ
840 3926 972 3976 Einl.
1006 3925 1240 3975 Gramm.
1277 3926 1339 3976 N.
1374 3925 1431 3976 T.
1466 3925 1517 3975 S.
1557 3925 1614 3976 V.

540 4010 624 4060 Lo.
658 4010 724 4059 22
762 4025 773 4059 :
809 4010 875 4058 20
920 4011 975 4059 in
1022 4016 1203 4060 annot.
1251 4012 1283 4060 l.
1330 4010 1363 4058 5
1397 4010 1512 4074 lege
1549 4025 1647 4061 vss,
1683 4007 1797 4075 19¹³,
1830 4010 1896 4061 20
1930 4026 2022 4074 pro
2058 4025 2130 4061 νε.
2165 4009 2392 4061 ‘lob—⁴21
2431 4019 2486 4060 et
2523 4012 2553 4061 Ι.
2589 4011 2645 4060 11

538 4096 695 4144 adde:
732 4110 804 4145 νε.
840 4094 905 4144 17
944 4101 1058 4159 ροςῐ
1091 4096 1408 4157 your-selues.
