3050 4459
1158 253 1257 306 ΚΑ
1274 254 1360 307 TA
1399 255 1723 308 ΛΟΥΚΑΝ
2254 257 2315 321 1,
2348 259 2430 309 16.
2565 258 2665 308 133

195 389 456 457 σθὴσεται
490 390 564 442 ἔτι
598 389 661 443 ἐκ
691 390 896 449 κοιλίας
918 390 1119 457 μητρὸς
1143 390 1308 444 αὐτοῦ
1323 432 1338 455 ,
1373 394 1439 445 16
1463 391 1557 444 καὶ
1587 391 1817 450 πολλοὺς
1842 398 1949 444 τῶν
1972 394 2108 444 υίῶν
2128 391 2337 460 Ἰσραὴλ
2362 391 2663 460 ἐπιστρέψει

193 474 282 526 ἐπὶ
329 474 522 541 κύριον
567 475 658 526 τὸν
704 474 832 528 θεὸν
874 474 1069 527 αὐτῶν
1122 478 1186 528 17
1232 476 1326 528 καὶ
1361 475 1520 533 αὐτὸς
1553 477 1921 543 προελεύσεται
1956 476 2184 529 ἐνώπιον
2216 476 2380 530 αὐτοῦ
2415 476 2472 528 ἐν
2502 477 2661 530 πνεύ-

193 578 324 624 ματι
371 558 466 611 καὶ
506 558 727 626 δυνάμει
772 558 955 623 Ἠλία,
1000 558 1313 627 ἐπιστρέψαι
1358 560 1585 626 καρδίας
1619 560 1865 627 πατέρων
1898 560 1982 613 ἐπὶ
2019 560 2174 613 τέκνα
2208 560 2301 613 καὶ
2336 560 2574 619 ἀπειθεῖς
2606 560 2663 613 έν

195 641 460 710 φρονήσει
496 644 753 706 δικαίων,
788 642 1059 708 ἑτοιμάσαι
1093 644 1271 710 κυρίῳ
1305 643 1434 696 λαὸν
1461 643 1969 710 κατεσκευασμένον.
2005 647 2071 698 18
2100 644 2193 697 καὶ
2220 643 2364 697 εἶπεν
2392 646 2662 711 Ζαχαρίας

191 725 334 792 πρὸς
381 725 471 778 τὸν
516 727 750 794 ἄγγελον·
790 725 928 779 κατὰ
963 728 1015 779 τί
1043 726 1314 794 γνώσομαι
1351 734 1504 780 τοῦτο
1515 747 1536 790 ,·
1583 727 1689 795 ἐγὼ
1725 728 1824 795 γάρ
1859 728 1964 795 εἶμι
1996 728 2296 795 πρεσβύτης
2331 728 2423 780 καὶ
2459 728 2492 795 ἦ
2528 728 2658 796 γυνή

189 829 305 874 μου
354 812 729 879 προβεβηκυῖα
777 810 835 863 ἐν
885 818 995 869 ταῖς
1047 811 1270 879 ἡμέραις
1320 810 1501 879 αὐτῆς.
1555 814 1622 864 19
1670 812 1764 865 καὶ
1814 811 2130 878 ἀποκριθεὶς
2180 813 2211 863 o‘
2259 812 2474 880 ἅγγελος
2519 811 2662 865 εἶπεν

193 894 362 961 αὐτῷ·
398 894 505 963 ε’γώ
541 895 646 961 εἶμι
683 894 918 964 Γαβριὴλ
952 896 985 946 ὁ
1014 894 1368 963 παρεστηκὼς
1402 895 1631 948 ἐνώπιον
1666 903 1757 949 τοῦ
1792 896 1953 960 θεοῦ,
1987 897 2081 949 καὶ
2115 896 2411 963 ἀπεστάλην
2438 897 2659 964 λαλῆσαι

190 978 332 1046 πρὸς
366 978 426 1032 σὲ
458 978 551 1032 καὶ
585 979 1026 1048 εὐαγγελίσασθαί
1055 1000 1136 1032 σοι
1173 987 1349 1033 ταῦτα·
1386 983 1452 1034 20
1485 980 1579 1033 καὶ
1615 980 1732 1033 ἰδοὺ
1768 982 1862 1048 ἔσῃ
1893 988 2113 1034 σιωπῶν
2139 981 2233 1034 καὶ
2260 980 2336 1049 μὴ
2368 981 2660 1047 δυνάμενος

191 1063 420 1130 λαλῆσαι
454 1065 580 1132 ἄχρι
616 1063 680 1132 ἧς
716 1064 917 1132 ἡμέρας
951 1064 1160 1132 γένηται
1195 1072 1382 1128 ταῦτα,
1423 1064 1548 1118 ἀνθ’
1587 1063 1665 1117 ὧν
1699 1065 1802 1118 οὐκ
1837 1065 2142 1124 ἐπίστευσας
2178 1073 2283 1124 τοῖς
2315 1066 2490 1133 λόγοις
2521 1085 2659 1131 μου,

194 1149 384 1206 οἵτινες
427 1148 873 1216 πληρωθήσονται
922 1149 996 1207 εἷς
1043 1148 1131 1200 τὸν
1175 1150 1367 1215 καιρὸν
1412 1149 1608 1202 αὐτῶν.
1662 1152 1723 1202 21
1762 1149 1855 1203 καὶ
1890 1149 1957 1217 ἦν
1990 1151 2022 1202 ὁ
2052 1149 2179 1208 λαός
2210 1150 2536 1217 προσδοκῶν
2570 1149 2659 1201 τὸν

195 1233 501 1300 Ζαχαρίαν,
539 1233 631 1286 καὶ
666 1233 976 1300 ἐθαύμαζον
1007 1233 1066 1286 έν
1099 1241 1175 1301 τῷ
1208 1235 1473 1302 χρονίζειν
1506 1233 1669 1287 αὐτὸν
1702 1234 1759 1286 έν
1794 1242 1867 1300 τῷ
1902 1243 2031 1301 ναῷ.
2086 1239 2151 1288 22
2183 1233 2426 1296 ἐξελθὼν
2459 1233 2519 1287 δὲ
2551 1234 2654 1286 οὐκ

191 1316 416 1370 ἐδύνατο
464 1317 685 1384 λαλῆσαι
730 1317 937 1382 αὐτοῖς,
987 1319 1080 1371 καὶ
1124 1317 1428 1386 ἐπέγνωσαν
1473 1320 1553 1370 ὅτι
1600 1318 1852 1372 ὀπτασίαν
1898 1318 2141 1385 ἑώρακεν
2185 1319 2241 1371 ἐν
2288 1326 2363 1385 τῷ
2398 1326 2527 1385 ναῷ·
2563 1318 2656 1371 καὶ

191 1401 353 1458 αὐτὸς
401 1400 466 1469 ἦν
511 1401 771 1454 διανεύων
816 1401 1024 1465 αὐτοῖς,
1070 1402 1164 1456 καὶ
1210 1402 1445 1468 διέμενεν
1477 1403 1688 1470 κωφός.
1742 1405 1809 1455 23
1841 1402 1935 1455 καὶ
1968 1402 2168 1470 ἐγένετο
2203 1402 2280 1460 ὥς
2313 1402 2656 1470 ἐπλήσθησαν

191 1486 254 1538 αἱ
285 1484 478 1553 ἡμέραι
512 1493 604 1553 τῆς
638 1485 959 1552 λειτουργίας
993 1485 1186 1550 αὐτοῦ,
1220 1485 1461 1554 ἀπῆλθεν
1494 1487 1570 1545 εἰς
1605 1486 1695 1538 τὸν
1728 1485 1881 1538 οἶκον
1908 1485 2089 1538 αὐτοῦ.
2124 1490 2192 1539 24
2216 1485 2348 1553 μετὰ
2379 1485 2438 1538 δὲ
2467 1487 2655 1543 ταύτας

192 1569 286 1627 τὰς
338 1568 539 1637 ἡμέρας
589 1569 874 1638 συνέλαβεν
913 1569 1202 1638 Ἑλισάβετ·
1231 1570 1264 1638 ἡ
1310 1569 1441 1638 γυνὴ
1488 1570 1653 1624 αὐτοῦ
1670 1611 1686 1635 ,
1735 1570 1828 1623 καὶ
1873 1571 2226 1638 περιέκρυβεν
2257 1570 2451 1638 ἑαυτὴν
2481 1577 2655 1638 μῆνας

187 1654 374 1717 πέντε,
406 1653 629 1721 λέγουσα
663 1657 730 1707 25
763 1655 842 1706 ὅτι
877 1654 1050 1713 οὕτως
1083 1674 1175 1721 μοι
1208 1655 1500 1722 πεποίηκεν
1534 1656 1721 1722 κύριος
1756 1654 1812 1706 ἐν
1848 1654 2071 1722 ἡμέραις
2096 1655 2179 1713 αἷς
2207 1654 2411 1707 ἐπεῖδεν
2438 1653 2655 1722 ἀφελεῖν

190 1739 396 1796 ὄνειδός
427 1757 536 1804 μου
570 1738 627 1790 ἐν
658 1738 984 1806 ἀνθρώποις.

257 1826 328 1876 26
373 1822 465 1877 Ἐν
515 1821 576 1876 δὲ
627 1831 702 1890 τῷ
750 1823 878 1891 μηνὶ
925 1831 1000 1891 τῷ
1045 1824 1188 1890 ἕκτῳ
1233 1823 1496 1892 ἀπεστάλη
1544 1826 1576 1876 ὁ
1620 1824 1835 1892 ἅγγελος
1875 1824 2110 1892 Γαβριὴλ
2146 1823 2249 1876 ὑπὸ
2284 1831 2376 1877 τοῦ
2413 1824 2544 1877 θεοῦ
2576 1824 2652 1883 εἷς

187 1907 346 1960 πόλιν
392 1913 484 1975 τῆς
529 1906 810 1966 Γαλιλαίας
854 1906 890 1975 ᾖ
938 1909 1106 1975 ὄνομα
1151 1908 1427 1976 Ναζαρέτ,
1474 1912 1541 1961 27
1574 1908 1709 1975 πρὸς
1742 1909 2011 1975 παρθένον
2045 1908 2465 1976 ἐμνηστευμένην
2497 1909 2651 1975 ἀνδρὶ

190 1990 239 2057 ᾧ
288 1993 456 2056 ὄνομα
493 1991 729 2059 Ἰωσήφ,
774 1992 833 2054 ἐξ
868 1993 1023 2045 οἴκου
1059 1993 1255 2056 Δαυίδ,
1299 1993 1392 2045 καὶ
1429 1992 1487 2045 τὸ
1521 1994 1689 2060 ὄνομα
1724 2000 1817 2061 τῆς
1849 1993 2123 2059 παρθένου
2158 1992 2405 2059 Μαριάμ.
2457 1995 2524 2046 28
2557 1993 2650 2045 καὶ

186 2075 452 2128 εἰσελθὼν
499 2075 636 2143 πρὸς
686 2075 853 2144 αὐτὴν
895 2075 1054 2129 εἶπεν·
1107 2084 1261 2144 χαῖρε
1306 2077 1739 2145 κεχαριτωμένη,
1791 2077 1823 2129 δ
1866 2077 2053 2144 κύριος
2086 2076 2219 2144 μετὰ
2252 2085 2366 2131 σοῦ.
2418 2080 2486 2131 29
2521 2077 2554 2146 ἡ
2591 2077 2650 2130 δὲ

186 2158 276 2211 ἐπὶ
310 2167 387 2226 τῷ
420 2159 563 2227 λόγῳ
596 2158 949 2227 διεταράχθη,
996 2159 1089 2213 καὶ
1124 2160 1437 2228 διελογίζετο
1469 2160 1704 2219 ποταπὸς
1743 2162 1823 2228 εἴη
1860 2162 1891 2212 ὁ
1923 2159 2200 2227 ἀσπασμὸς
2233 2160 2404 2219 οὗτος.
2456 2164 2523 2214 30
2557 2161 2649 2214 καὶ

186 2242 335 2296 εἶπεν
385 2244 417 2294 ὁ
466 2243 681 2311 ἅγγελος
730 2243 882 2312 αὐτῇ·
935 2243 1012 2312 μὴ
1065 2246 1274 2312 φοβοῦ,
1336 2245 1583 2312 Μαριάμ·
1636 2244 1788 2312 εὗρες
1838 2243 1937 2314 γὰρ
1986 2244 2143 2313 χάριν
2191 2245 2336 2312 παρὰ
2388 2253 2463 2312 τῷ
2514 2245 2646 2312 θεῷ.

185 2330 250 2380 31
308 2327 402 2380 καὶ
454 2327 572 2381 ἰδού
619 2327 908 2396 συλλήμψῃ
955 2328 1012 2380 ἐν
1056 2328 1237 2397 γαστρὶ
1284 2328 1377 2381 καί
1426 2328 1546 2396 τέξῃ
1595 2330 1740 2393 υἱόν,
1787 2328 1879 2382 καὶ
1914 2329 2152 2387 καλέσεις
2187 2329 2245 2381 τὸ
2280 2330 2446 2396 ὄνομα
2483 2329 2647 2382 αὐτοῦ

179 2412 410 2480 Ἰησοῦν.
465 2414 531 2465 32
581 2412 736 2471 οὗτος
785 2413 926 2466 ἔσται
976 2413 1140 2481 μέγας
1185 2412 1279 2465 καὶ
1327 2413 1439 2472 υἱὸς
1485 2412 1716 2481 ὑψίστου
1763 2413 2116 2481 κληθήσεται,
2168 2414 2260 2466 καὶ
2307 2413 2467 2466 δώσει
2501 2414 2648 2481 αὐτῷ

182 2496 376 2563 κύριος
427 2497 461 2548 δ
508 2495 636 2555 θεὸς
683 2497 771 2549 τὸν
815 2497 1015 2564 θρόνον
1060 2497 1229 2550 Δαυὶδ
1277 2505 1368 2550 τοῦ
1409 2498 1608 2564 πατρὸς
1641 2498 1834 2562 αὐτοῦ,
1884 2501 1951 2551 33
1984 2498 2077 2551 καὶ
2109 2498 2405 2566 βασιλεύσει
2439 2498 2524 2551 ἐπὶ
2559 2498 2648 2550 τὸν

180 2753 267 2804 17.
321 2752 546 2804 13*ch
575 2756 762 2819 legunt
793 2752 1211 2818 προσελεύσεται.
1248 2782 1314 2790 -—
1348 2753 1495 2820 ηλεια
1532 2771 1654 2805 cum
1691 2753 1824 2808 uBff.
1894 2753 2044 2819 ηλιου
2081 2772 2205 2806 cum
2242 2757 2397 2806 ΑΕΒ.

183 2829 269 2879 20.
317 2826 767 2894 πληρωθησονται
801 2847 923 2881 cum
961 2831 1152 2884 uABC.
1218 2827 1614 2895 πλησθησονται
1649 2847 1773 2881 cum
1807 2831 1921 2894 DX,
1958 2831 2043 2882 Or.
2080 2831 2129 2892 4,
2162 2831 2278 2881 118.

183 2904 267 2954 21.
323 2905 422 2955 Pro
464 2902 791 2968 προσδοκῶν
826 2907 956 2970 legit
987 2907 1037 2956 D
1067 2903 1511 2970 προσδεχομενος,
1559 2904 1626 2955 59
1658 2904 1835 2970 εκδεχ.
1891 2907 1986 2956 Pro
2019 2924 2076 2955 εν
2112 2908 2239 2971 legit
2272 2909 2322 2956 D
2354 2924 2455 2957 επι.
2503 2905 2650 2957 ΒΙ.Ξ

321 2983 510 3045 legunt
540 2996 702 3030 αυτον
737 2989 853 3045 post
884 2997 942 3030 εν
976 2999 1052 3030 τω
1087 2998 1217 3031 ναω.

184 3055 268 3106 22.
318 3052 541 3105 εδυνατο
574 3072 697 3106 cum
732 3054 1023 3109 quKH.
1091 3055 1321 3121 ηδυνατο
1354 3073 1478 3108 cum
1516 3054 1710 3107 CDLE'.
1747 3082 1814 3092 —
1848 3055 1980 3107 Bffl'
2017 3060 2204 3123 legunt
2235 3076 2473 3123 εορακεν.

183 3131 266 3182 23.
319 3133 419 3182 Pro
452 3128 797 3196 επλησθησαν
831 3135 1020 3198 legunt
1056 3134 1168 3196 ΡΨ,
1201 3132 1229 3183 1
1267 3129 1677 3196 επληρωθησαν.

183 3206 266 3257 25.
315 3222 502 3270 κυριος
553 3223 674 3257 cum
729 3208 916 3270 uCDL,
961 3207 1042 3259 33.
1134 3226 1164 3256 ο
1215 3223 1401 3270 κυριος
1453 3223 1578 3257 cum
1629 3207 1741 3257 ΑΒ.
1826 3205 2030 3257 επειδεν
2079 3225 2201 3260 cum
2254 3209 2638 3263 uABCLI'AH.

317 3280 527 3347 εφειδεν
559 3299 683 3334 cum
716 3282 928 3333 DWcA.
999 3280 1198 3339 ονειδος
1232 3299 1356 3334 cum
1391 3283 1621 3347 xBfflL,
1655 3284 1702 3333 1.
1774 3301 1830 3332 το
1865 3283 2065 3339 ονειδος
2101 3301 2224 3336 cum
2260 3287 2366 3335 AC.

181 3358 263 3408 26.
315 3375 421 3408 vno
453 3375 579 3410 cum
614 3359 770 3410 ACD.
840 3376 945 3409 απο
979 3375 1103 3411 cum
1138 3357 1393 3411 xBCWb.
1462 3358 1685 3423 ναζαρετ
1720 3376 1843 3410 curn
1879 3359 2179 3412 RBKLXH.
2248 3360 2483 3425 ναζαρεθ
2517 3378 2641 3413 cum

320 3434 615 3484 CEGHMS
621 3435 670 3486 U
678 3433 770 3484 VP
761 3433 822 3484 Δ.

181 3508 264 3560 27.
315 3525 739 3574 εμνηστευμενην
784 3526 907 3561 cum
955 3508 1021 3563 κ’*
1036 3517 1091 3560 et
1104 3508 1354 3560 chB*L.
1421 3527 1887 3575 μεμνηστευμενην
1921 3528 2044 3562 cum
2079 3512 2198 3565 RQC.
2266 3529 2642 3578 μεμνησμενην

316 3601 442 3635 cum
474 3586 538 3636 D.
591 3586 716 3637 Post
747 3585 808 3645 εξ
841 3602 993 3635 οικου
1031 3589 1218 3650 legunt
1251 3586 1470 3638 nCFwL
1505 3603 1598 3636 και
1631 3603 1869 3650 πατριας.
1939 3585 2120 3638 δαυειδ
2157 3589 2221 3638 cf.
2257 3589 2349 3637 Mt.
2386 3588 2410 3638 1
2454 3604 2465 3638 :
2501 3589 2548 3639 1.

181 3660 262 3711 28.
315 3659 511 3725 κΡΨΔ,
547 3659 629 3723 69,
663 3660 748 3711 its*
782 3662 988 3711 addunt
1021 3677 1053 3710 ο
1085 3657 1298 3725 αγγελος
1336 3669 1449 3724 post
1475 3678 1609 3724 προς
1633 3678 1815 3725 αυτην,
1852 3663 1994 3712 ACD
2018 3669 2133 3727 post
2155 3662 2427 3714 εισελθων.
2466 3665 2639 3717 Omit-

315 3742 444 3786 tunt
483 3734 628 3787 ΒΕΞ
655 3743 790 3800 copt.
842 3737 966 3787 Post
997 3754 1129 3800 μετα
1163 3753 1261 3786 σου
1296 3739 1485 3801 legunt
1517 3738 1662 3787 ACD
1693 3739 1751 3787 it.
1786 3755 1867 3803 vg.
1904 3743 2103 3803 syntltr-
2135 3743 2279 3792 aeth.
2313 3740 2636 3808 ευλογημενη

314 3827 381 3860 συ
416 3828 474 3860 εν
506 3811 758 3875 γυναιξιν.

176 3887 258 3937 29.
315 3887 442 3937 Post
472 3903 506 3951 η
542 3884 601 3936 δε
636 3890 825 3953 legunt
857 3889 953 3939 AC
984 3885 1186 3938 ιδουσα.
1258 3888 1484 3942 κΒῡὶΧ
1518 3891 1708 3954 legunt
1738 3907 1823 3938 επι
1859 3908 1934 3938 τω
1968 3888 2109 3956 λογω
2147 3900 2270 3943 ante
2294 3892 2637 3959 διεταραχθη,

310 3964 380 4028 Α,
413 3977 458 4027 c,
494 3964 529 4026 f,
565 3979 646 4028 vg.
681 3966 795 4016 sah.
830 3973 963 4029 oopt.
999 3967 1201 4030 syrum-¹·-
1232 3967 1374 4015 aeth.
1413 3974 1531 4030 post
1557 3964 1901 4031 διεταραχθη.
1942 3969 2039 4018 Pro
2070 3985 2155 4018 επι
2182 3986 2255 4018 τω
2281 3967 2422 4034 λογω
2452 3973 2640 4036 legunt

312 4053 363 4100 a,
410 4038 458 4103 b,
505 4038 591 4102 112,
635 4038 710 4104 gl,
757 4041 792 4104 1,
831 4057 884 4105 q,
919 4043 1062 4105 goth.
1110 4048 1227 4105 post
1259 4038 1618 4107 διεταραχθηι
1658 4045 1713 4094 in
1749 4045 1917 4108 (goth.
1954 4047 2044 4108 de)
2078 4048 2302 4097 introitu
2337 4049 2471 4113 ejuS,
2505 4066 2534 4098 e
2570 4051 2636 4099 ad

312 4116 592 4165 introitum
627 4116 760 4179 ejus·

2704 495 2785 526 xm.
2803 495 2835 532 4.
2858 495 2920 528 δι.

2693 1844 2753 1875 ut.
2778 1844 2805 1882 ¹,
2832 1845 2933 1877 18⁵⁸.

2689 2322 2763 2355 δα.
2784 2322 2814 2360 ¹1.
2841 2323 2877 2354 1⁴

2690 2376 2751 2408 m.
2770 2376 2798 2412 Ι,
2820 2377 2859 2408 21
2878 2385 2925 2409 u.

2702 2518 2807 2549 meh.
2828 2518 2859 2556 ⁴,
2879 2517 2898 2548 ῗ
