3050 4459
1104 242 1199 295 ΧΑ
1214 242 1301 295 ΤΑ
1340 241 1766 296 ΜΑΘΘΑΙΟΝ
2316 248 2373 312 5,
2407 248 2489 298 ει.
2621 249 2655 296 9

186 384 406 448 ματέων
464 381 557 434 καί
625 381 957 448 Φαρισαίων,
1026 379 1091 432 οὐ
1151 379 1228 447 μὴ
1293 378 1565 446 εἰσέλθητε
1625 380 1700 437 εἷς
1762 380 1859 448 τὴν
1914 382 2183 448 βασιλείαν
2234 388 2343 433 τῶν
2391 383 2652 449 οὐρανῶν.

188 471 249 521 21
300 467 603 520 Ἠκούσατε
647 467 726 518 ὅτι
772 465 981 533 ἐρρήθη
1027 471 1133 521 τοῖς
1166 463 1425 530 ἀρχαίοις·
1462 463 1527 516 οὐ
1565 464 1858 532 φονεύσεις·
1894 466 1952 523 ὃς
1986 465 2038 518 δ’
2075 465 2139 518 ἄν
2174 467 2441 534 φονεύσῃ,
2473 467 2656 534 ἔνοχος

188 552 337 603 ἔσται
384 558 445 618 τῇ
492 552 682 617 κρίσει.
735 552 803 602 22
846 548 952 616 ἐγὼ
998 547 1059 600 δὲ
1102 547 1240 615 λέγω
1277 548 1402 613 ὑμῖν
1434 549 1511 599 ὅτι
1546 555 1650 606 πᾶς
1685 550 1717 599 ὁ
1750 548 2086 616 ὀργιζόμενος
2122 558 2198 617 τῷ
2232 551 2454 618 ἀδελφῷ
2490 550 2656 604 αὐτοῦ

186 636 378 702 ἔνοχος
424 635 568 687 ἔσται
615 641 678 701 τῇ
722 634 909 700 κρίσει·
958 633 1018 690 ὃς
1064 631 1113 685 δ’
1158 632 1223 685 α”ν
1256 633 1377 699 εζττῃ
1414 639 1489 699 τῷ
1522 630 1750 699 ἀδελφῷ,
1782 632 1946 685 αὐτοῦ
1983 633 2152 701 ραχά,
2185 635 2369 701 ἔνοχος
2404 635 2546 688 ἔσται
2580 643 2656 702 τῷ

187 721 474 787 συνεδρίῳ·
522 720 581 778 ὃς
625 719 675 771 δ’
726 719 793 771 ἂν
834 719 956 786 εἴπῃ
990 717 1172 784 μωρέ,
1221 717 1405 784 ἔνοχος
1439 717 1581 769 ἔσται
1617 717 1691 776 εἰς
1728 717 1822 785 τὴν
1854 718 2066 785 γέενναν
2100 726 2191 771 τοῦ
2226 720 2411 786 πυρός.
2466 723 2532 772 23
2565 719 2656 772 ἐὰν

186 804 286 858 οὖν
330 804 648 872 προσφέρῃς
691 803 750 856 τὸ
797 804 977 869 δῶρόν
1012 822 1108 855 σου
1144 801 1229 854 ε’πὶ
1266 801 1323 853 τὸ
1357 801 1741 869 θυσιαστήριον
1774 801 1942 854 κάκεῖ
1966 803 2216 870 μνησθῇς
2248 803 2326 854 ὅτι
2362 804 2394 854 ὁ
2426 804 2656 871 ἀδελφός

186 909 285 941 σου
335 889 447 956 ἔχει
496 909 540 941 τι
587 887 725 941 κατὰ
771 893 898 950 σοῦ,
949 889 1016 939 24
1049 886 1185 953 ἄφες
1219 885 1339 937 ἐκεῖ
1366 884 1424 937 τὸ
1458 886 1639 952 δῶρόν
1674 904 1771 937 σου
1805 886 2112 952 ἔμπροσθεν
2146 893 2237 940 τοῦ
2271 887 2655 955 θυσιαστηρίου

185 974 279 1027 καὶ
336 975 507 1041 ὕπαγε
554 980 772 1040 πρῶτον
822 970 1136 1039 διαλλάγηθι
1192 978 1265 1037 τῷ
1316 969 1539 1038 ἀδελφῷ
1591 990 1689 1023 σου
1704 1011 1719 1034 ,
1770 971 1863 1024 καὶ
1908 973 2022 1024 τότε
2065 971 2245 1025 ἐλθὼν
2288 972 2563 1039 πρόσφερε
2598 972 2653 1024 τὸ

186 1059 374 1126 δῶρόν
409 1078 524 1111 σου.
583 1062 652 1111 25
685 1058 798 1111 ἴσθι
831 1057 1037 1110 εὐνοῶν
1072 1064 1147 1123 τῷ
1182 1055 1437 1123 ἀντιδίκῳ
1472 1075 1570 1108 σου
1608 1056 1738 1124 ταχὺ
1774 1057 1879 1115 ἕως
1913 1059 2038 1110 ὅτου
2073 1056 2128 1109 εἶ
2152 1058 2263 1124 μετ’
2300 1058 2465 1112 αὐτοῦ
2500 1058 2557 1110 έν
2593 1066 2653 1125 τῇ

186 1145 319 1210 ὁδῷ·
356 1142 567 1212 μήποτέ
600 1163 659 1195 σε
689 1142 917 1209 παραδῷ
954 1142 985 1192 ὁ
1017 1141 1283 1199 ἀντίδικος
1320 1148 1395 1208 τῷ
1430 1148 1588 1208 κριτῇ
1623 1141 1716 1194 καὶ
1752 1141 1784 1193 ό
1815 1141 2002 1210 κριτὴς
2036 1150 2112 1210 τῷ
2147 1143 2413 1211 ὑπηρέτῃ,
2453 1143 2546 1195 καὶ
2579 1143 2654 1200 εἰς

187 1227 447 1297 φυλακὴν
490 1227 761 1296 βληθήσῃ.
811 1230 879 1280 26
924 1225 1068 1295 ἀμὴν
1113 1226 1250 1293 λέγω
1297 1245 1411 1288 σοι,
1456 1225 1520 1278 ού
1567 1226 1644 1293 μὴ
1691 1225 1914 1294 ἐξέλθῃς
1957 1226 2168 1280 ἐκεῖθεν
2202 1229 2305 1287 ἕως
2339 1228 2404 1280 ἂν
2437 1227 2654 1294 ἀποδῷς

190 1313 277 1365 τὸν
310 1314 541 1381 ἔσχατον
574 1311 889 1378 κοδράντην.
927 1313 990 1363 27
1023 1310 1323 1364 Ἠκούσατε
1356 1311 1435 1362 ὅτι
1469 1309 1697 1377 ἐρρήθη·
1734 1310 1798 1363 ού
1831 1312 2146 1379 μοιχεύσεις.
2182 1315 2248 1366 28
2281 1311 2388 1380 ἐγὼ
2423 1311 2483 1366 δὲ
2515 1312 2653 1379 λέγω

190 1399 313 1463 ὑμῖν
360 1399 443 1450 ὅτι
486 1404 591 1455 πᾶς
626 1397 657 1447 ὁ
688 1395 902 1465 βλέπων
935 1403 1161 1464 γυναῖκα
1193 1394 1328 1462 πρὸς
1364 1394 1421 1447 τὸ
1454 1394 1784 1461 ἐπιθυμῆσαι
1818 1395 1924 1463 ἤδη
1958 1395 2268 1464 ἐμοίχευσεν
2300 1397 2467 1466 αὐτὴν
2499 1397 2557 1450 ἐν
2591 1404 2653 1464 τῇ

187 1483 389 1549 καρδίᾳ
435 1481 646 1533 ἑαυτοῦ.
698 1483 764 1533 29
808 1479 858 1532 εί
901 1478 960 1532 δὲ
1007 1481 1038 1530 ὁ
1080 1479 1364 1546 ὀφθαλμός
1410 1498 1507 1531 σου
1545 1480 1577 1531 ὁ
1608 1479 1782 1541 δεξιὸς
1815 1481 2150 1542 σκανδαλίζει
2186 1502 2244 1534 σε
2255 1523 2270 1546 ,
2315 1483 2457 1544 ἔξελε
2492 1480 2654 1534 αὐτὸν

186 1567 276 1619 καὶ
329 1566 467 1634 βάλε
517 1565 624 1618 ἀπὸ
675 1572 791 1618 σοῦ’
843 1564 1105 1632 συμφέρει
1151 1564 1251 1632 γάρ
1300 1583 1381 1616 σοι
1429 1565 1514 1616 ἵνα
1559 1563 1816 1630 ἀπόληται
1863 1565 1919 1616 ἓν
1964 1571 2073 1617 τῶν
2104 1565 2283 1632 μελῶν
2317 1587 2414 1619 σου
2449 1567 2543 1618 καὶ
2576 1566 2651 1633 μὴ

188 1653 311 1704 ὅλον
346 1651 411 1703 τό
445 1651 606 1717 σῶμά
640 1671 738 1703 σου
771 1651 951 1719 βληθῇ
988 1650 1062 1708 εἰς
1096 1650 1322 1717 γέενναν.
1359 1653 1425 1702 30
1458 1648 1552 1702 καὶ
1586 1649 1637 1701 εἰ
1670 1649 1702 1717 ἦ
1739 1649 1885 1710 δεξιά
1920 1668 2017 1702 σου
2051 1650 2168 1718 χεὶρ
2203 1652 2538 1712 σκανδαλίζει
2569 1671 2653 1717 σε,

186 1738 441 1804 ἔκκοψον
486 1736 656 1803 αὐτὴν
700 1735 792 1788 καὶ
824 1734 954 1803 βάλε
987 1734 1093 1788 ἀπὸ
1128 1742 1242 1786 σοῦ·
1291 1732 1553 1800 συμφέρει
1588 1732 1687 1800 γάρ
1722 1753 1805 1785 σοι
1840 1734 1923 1786 ἵνα
1958 1733 2212 1802 ἀπόληται
2248 1735 2303 1786 ἓν
2337 1741 2445 1787 τῶν
2475 1734 2654 1801 μελῶν

187 1842 283 1874 σου
318 1821 420 1874 καὶ
452 1820 531 1889 μὴ
567 1821 693 1872 ὅλον
726 1820 785 1872 τὸ
820 1819 976 1886 σῶμά
1012 1839 1109 1872 σου
1144 1820 1218 1877 εἷς
1252 1819 1462 1886 γέενναν
1495 1817 1722 1885 ἀπέλθῃ.
1757 1820 1819 1870 31
1854 1817 2096 1885 Ἐρρήθη
2129 1816 2203 1870 δέ·
2235 1820 2293 1877 ὃς
2323 1818 2387 1871 ἂν
2411 1818 2649 1886 ἀπολύσῃ

187 1906 280 1974 τὴν
330 1913 566 1975 γυναῖκα
616 1904 812 1966 αὐτοῦ,
862 1904 1002 1957 δότω
1052 1902 1185 1970 αὐτῇ
1237 1901 1574 1955 ἀποστάσιον.
1626 1905 1692 1954 32
1735 1900 1841 1968 ἐγὼ
1894 1900 1954 1954 δὲ
1996 1901 2132 1969 λέγω
2179 1902 2304 1969 ὑμῖν
2349 1905 2426 1955 ὅτι
2472 1909 2576 1960 πᾶς
2622 1902 2653 1953 ὁ

185 1991 444 2044 ἀπολύων
496 1990 590 2058 τὴν
633 1995 858 2057 γυναῖκα
904 1988 1068 2041 αὐτοῦ
1103 1986 1367 2054 παρεκτὸς
1399 1986 1560 2054 λόγου
1595 1987 1870 2053 πορνείας,
1902 1994 2048 2038 ποιεῖ
2075 1986 2240 2055 αὐτὴν
2271 1988 2655 2055 μοιχευθῆναι,

186 2077 277 2128 καὶ
327 2077 390 2133 ὃς
437 2074 506 2126 ἂν
550 2071 945 2139 ἀπολελυμένην
977 2071 1220 2140 γαμήσῃ,
1264 2077 1530 2138 μοιχᾶται.
1580 2073 1648 2123 33
1680 2069 1855 2123 Πάλιν
1891 2070 2154 2138 ἠκούσατε
2189 2072 2266 2123 ὅτι
2301 2071 2510 2138 ἐρρήθη
2546 2077 2653 2128 τοῖς

187 2160 450 2228 ἀρχαίοις·
496 2157 601 2211 οὐκ
635 2156 999 2224 ἐπιορκήσεις,
1045 2155 1342 2213 ἀποδώσεις
1378 2154 1437 2208 δὲ
1472 2162 1548 2222 τῷ
1583 2155 1760 2221 κυρίῳ
1796 2153 1917 2213 τοὺς
1951 2155 2151 2222 ὅρκους
2186 2175 2300 2207 σου.
2353 2158 2419 2208 34
2452 2154 2558 2223 ἐγὼ
2594 2153 2654 2207 δὲ

186 2245 321 2313 λέγω
378 2245 510 2311 ὑμῖν
556 2242 634 2310 μὴ
689 2242 877 2309 ὀμόσαι
927 2241 1083 2299 ὅλως·
1134 2240 1269 2308 μήτε
1314 2240 1370 2292 ἐν
1418 2247 1492 2306 τῷ
1540 2239 1785 2306 οὐρανῷ,
1834 2240 1912 2291 ὅτι
1962 2239 2157 2306 θρόνος
2203 2238 2341 2291 ἐστὶν
2373 2245 2465 2291 τοῦ
2501 2239 2651 2291 θεοῦ·

186 2333 250 2382 35
293 2329 436 2397 μήτε
483 2327 541 2380 ἐν
576 2336 639 2394 τῇ
674 2334 769 2394 γῇ,
815 2327 892 2378 ὅτι
928 2326 1218 2378 ὑποπόδιόν
1251 2324 1389 2377 ἐστιν
1424 2332 1532 2377 τῶν
1563 2325 1750 2376 ποδῶν
1784 2322 1965 2376 αὐτοῦ·
2000 2323 2135 2392 μήτε
2169 2324 2242 2382 εἰς
2273 2322 2652 2390 Ἰεροσόλυμα,

187 2416 261 2466 ὅτι
294 2413 453 2471 πόλις
489 2411 630 2464 ἐστὶν
664 2418 755 2462 τοῦ
790 2410 1022 2478 μεγάλου
1054 2409 1330 2479 βασιλέως·
1373 2412 1440 2462 36
1472 2408 1606 2476 μήτε
1640 2408 1697 2461 έν
1732 2416 1794 2475 τῇ
1830 2408 2044 2476 κεφαλῇ
2079 2428 2176 2462 σου
2212 2409 2441 2476 ὀμόσῃς,
2475 2408 2550 2460 ὅτι
2588 2406 2652 2458 οὗ

187 2499 411 2551 δύνασαι
463 2498 595 2563 μίαν
644 2497 796 2564 τρίχα
847 2494 1047 2563 λευκὴν
1089 2497 1305 2562 ποιῆσαι
1354 2494 1385 2561 ἢ
1431 2493 1698 2559 μέλαιναν.
1752 2496 1817 2546 37
1865 2494 2000 2545 ἔστω
2036 2492 2096 2545 δὲ
2129 2494 2161 2545 ὁ
2191 2494 2344 2561 λόγος
2378 2493 2535 2559 ὑμῶν
2568 2491 2651 2544 ναὶ

188 2584 298 2647 ναί,
332 2582 402 2635 οὒ
439 2581 525 2634 οὔ·
558 2580 616 2632 τὸ
645 2580 705 2632 δὲ
731 2583 979 2647 περισσὸν
1008 2580 1210 2632 τούτων
1237 2578 1300 2630 ἐκ
1332 2585 1425 2631 τοῦ
1453 2585 1692 2644 πονηροῦ
1722 2577 1875 2630 ἐστίν.
1910 2580 1976 2630 38
2001 2577 2299 2631 Ἠκούσατε
2327 2579 2404 2630 ὅτι
2423 2576 2650 2644 ἐρρήθη·

187 2833 266 2882 21.
317 2829 536 2896 ερρηθη
574 2846 696 2880 cum
730 2829 941 2880 BDEK.
974 2826 1173 2893 ερρεθη
1208 2845 1331 2879 cum
1366 2826 1637 2880 xLMSUA
1651 2825 1716 2877 II.

187 2908 265 2959 22.
320 2909 452 2958 Post
486 2922 562 2954 τω
596 2902 816 2969 αδελφω
852 2921 1014 2954 αυτου
1052 2907 1240 2968 legunt
1272 2901 1850 2954 DEKLMSUVJ'AUI
1881 2920 2018 2968 εικη.
2067 2904 2151 2953 Sic
2185 2905 2348 2953 etiam
2386 2909 2514 2953 text.
2551 2918 2652 2952 rec.

318 2999 473 3047 ρακα
508 2983 697 3046 legunt
729 2978 906 3033 beE.

189 3059 267 3110 Q.
317 3075 505 3109 κακει.
540 3054 956 3108 DEKMUVAJI
984 3058 1175 3120 legunt
1207 3072 1301 3105 και
1336 3072 1463 3104 εκει.

190 3134 267 3185 25.
315 3151 419 3198 μετ
471 3150 636 3182 αυτου
684 3139 799 3197 post
842 3149 899 3181 εν
946 3148 1005 3196 τη
1042 3128 1156 3181 οδω
1191 3147 1313 3181 cum
1348 3128 1822 3194 EKMSCVI‘AII,
1860 3133 1896 3196 f,
1933 3131 2016 3195 ss'l,
2050 3131 2125 3194 g2,
2162 3132 2213 3196 k,
2252 3147 2329 3195 vg.
2366 3139 2503 3195 sym)
2537 3131 2650 3180 sah.

322 3213 455 3262 Post
489 3227 520 3259 ο
554 3225 739 3274 κριτης
774 3210 962 3273 legunt
994 3207 1337 3258 DEKLMSU
1351 3203 1542 3255 VFAH
1570 3222 1627 3254 σε
1661 3204 1905 3269 παραδω.
1942 3208 2020 3257 Cf.
2057 3209 2147 3258 Lk.

189 3287 267 3337 ⁸28.
319 3289 453 3338 Post
486 3283 813 3349 επιθυμησαι
849 3287 1035 3349 legunt
1066 3279 1601 3332 BDEKLSUVFAH
1618 3299 1783 3346 αυτην
1801 3290 1856 3333 et
1873 3282 1999 3336 abst!
2014 3300 2193 3348 αυτης.
2230 3284 2427 3348 Blegit
2442 3299 2650 3332 εαυτου.

320 3365 429 3414 Alii
466 3362 614 3412 codd.
649 3361 832 3411 Graeci
866 3375 1048 3410 αυτου.

189 3437 253 3488 30
322 3440 421 3490 Hic
460 3452 646 3487 versus
677 3436 947 3486 omittitm·
980 3435 1041 3484 D.
1075 3429 1257 3499 βληθη
1292 3449 1367 3487 εις
1402 3449 1613 3496 γεενναν
1648 3435 1836 3498 legunt
1867 3433 2367 3486 EGKLJJSUVFA.

192 3513 269 3564 31.
319 3509 531 3577 ερρεθη
566 3514 756 3576 legunt
787 3505 1274 3564 &Lm-Scan&

190 3589 267 3640 32.
318 3607 380 3643 ος
428 3605 498 3637 αν
542 3584 781 3651 απολυση
830 3602 952 3636 cum
994 3585 1299 3646 DEGSUV,
1332 3599 1379 3648 a,
1416 3584 1465 3649 b,
1500 3584 1576 3649 gl,
1613 3586 1664 3648 h,
1701 3586 1751 3634 k.
1783 3583 2139 3650 μοιχευθηναι
2174 3602 2297 3635 cum
2333 3586 2480 3638 ⁸80.
2532 3601 2653 3647 μοι-

318 3663 531 3730 χασθαι
566 3679 689 3714 cum
724 3658 1183 3713 EKLJJSUVAII.
1220 3660 1434 3711 Codices
1468 3663 1657 3725 legunt
1690 3677 1748 3715 ος
1782 3677 1889 3710 εαν.

189 3739 269 3791 33.
318 3738 527 3804 ερρεθη
592 3740 781 3803 legunt
841 3735 1268 3790 MPLSCAH**.
1336 3738 1514 3787 Naber·
1562 3737 1786 3800 conjecit
1835 3734 2160 3800 εμπεδωσεις
2215 3753 2303 3800 pro
2354 3733 2652 3791 αποδωσεις

322 3818 717 3880 (Mnemosyne,
750 3813 899 3879 1881,
934 3830 980 3877 p.
1015 3814 1153 3874 ⁶277).

189 3891 266 3943 36.
317 3909 452 3956 μιαν
486 3908 620 3955 τριχ.
656 3888 764 3939 λευ.
801 3906 834 3953 η
867 3887 984 3952 μελ.
1017 3906 1186 3938 ποιειν
1211 3890 1399 3953 legunt
1424 3887 1830 3939 EKMSL'VAII
1849 3888 2060 3952 —D‚1,
2081 3890 2131 3951 k,
2150 3887 2404 3952 Clem.262‚
2424 3887 2654 3952 Cypr.178

324 3972 517 4033 legunt
548 3983 765 4030 ποιησαι
802 3982 878 4029 τρ.
913 3983 1041 4030 μιαν
1074 3963 1182 4015 λευ.
1219 3982 1251 4029 η
1284 3963 1400 4028 μελ.

190 4043 269 4094 37.
319 4061 469 4094 εσται
502 4059 628 4094 cum
664 4043 728 4105 B,
762 4042 877 4093 245.

192 4117 269 4168 38.
319 4117 524 4184 ερρεθη
560 4121 680 4169 vide
716 4133 788 4168 vs.
821 4117 902 4169 33.

2713 486 2776 517 Ex.
2799 486 2850 522 2⁰,
2878 487 2916 516 12⁵

2767 1646 2814 1682 1»,
2839 1653 2858 1672 ³-

2709 1700 2778 1730 uk.
2799 1701 2830 1736 9,
2855 1702 2895 1728 m

2683 1832 2782 1863 Dent.
2805 1833 2856 1866 26.
2883 1833 2892 1862 1

2681 1886 2740 1916 ut.
2767 1886 2814 1920 1⁹.
2837 1887 2858 1916 9

2681 1938 2749 1970 ΜΚ.
2774 1939 2822 1974 10,
2847 1939 2880 1969 11
2901 1955 2926 1969 x.

2685 1992 2746 2023 Mt.
2769 1992 2819 2028 la,
2845 1994 2884 2022 1⁸

2685 2071 2766 2103 ιον.
2789 2072 2840 2106 19,
2867 2073 2907 2103 12

2683 2125 2783 2156 nent.
2805 2126 2856 2158 251.
2879 2126 2916 2156 21
