3050 4459
1425 254 1490 262 “-·
2621 243 2678 279 lx

287 411 484 452 serunt
519 409 703 452 autem
739 403 843 451 duo
879 403 1180 465 fragmenta
1214 401 1459 452 Sahidica
1495 402 1719 465 Graeca,
1755 416 1895 465 quae
1929 402 2055 451 olim
2091 401 2333 452 Woidius
2367 403 2599 466 possedit
2631 409 2687 452 et

286 490 345 536 in
381 487 758 544 collationibus
790 487 902 536 suis
938 488 1359 550 fragmentorum
1396 486 1762 536 Sahidicorum
1798 487 2072 550 excerpsit.
2126 486 2240 545 Quo
2266 488 2378 536 loeo
2405 493 2682 551 postquam

286 573 524 632 editores
575 572 658 621 Ni.
705 571 782 620 Ti.
829 572 921 621 diu
972 572 1279 633 latuerunt,
1329 575 1511 633 postea
1556 572 1752 619 altera:
1805 569 1889 619 Lc.
1935 569 2002 619 12
2037 586 2050 619 :
2085 569 2286 619 15—13
2321 585 2333 618 ε
2366 569 2432 619 32
2484 571 2687 635 primus

287 657 673 706 animadvertit
706 654 756 705 S.
794 655 846 704 P.
883 655 1172 718 ‘ri-egenas,
1208 655 1402 704 altera:
1438 654 1548 703 Ioh.
1585 653 1618 702 8
1645 670 1655 702 :
1680 652 1880 703 33-42
1903 654 2074 705 Tisch.
2103 656 2305 717 primus
2331 655 2473 704 vidit„
2522 655 2680 705 Prae-

286 747 441 789 terea
486 740 747 790 accedunt
792 740 875 790 Lc.
922 738 989 788 22
1024 754 1036 788 :
1072 737 1275 788 20-23
1311 754 1323 788 z
1358 737 1453 801 20,
1500 753 1641 802 quae
1690 739 1988 802 fragmenta
2035 745 2216 802 postea
2260 754 2423 802 quam
2462 740 2684 802 Bradley

292 824 355 873 Η.
408 823 589 874 Alfeni
645 826 699 874 in
753 839 909 873 usum
963 824 1144 873 fratris
1194 823 1403 872 ilenrici
1456 823 1735 873 clarissimi
1787 825 2042 885 contulit,
2092 824 2442 875 Tischendorf
2491 825 2685 874 Romae

288 910 575 972 descripsit
612 916 669 958 et
701 910 767 959 ad
803 909 1070 958 edendum
1107 909 1453 971 praeparavit.

229 990 310 1040 Tb
350 993 489 1042 dixit
535 993 883 1043 Tischendorf
926 993 1233 1056 fragmenta
1278 992 1539 1055 evangelii
1576 992 1786 1041 loannis
1823 993 2211 1055 I’etropolitana
2245 992 2311 1042 ab
2347 1006 2407 1041 eo
2442 993 2684 1041 inventa.

285 1092 433 1141 quae
484 1079 585 1127 etsi
637 1079 701 1127 vl
755 1079 930 1147 potius
980 1092 1145 1141 quam
1200 1076 1242 1125 V
1293 1077 1504 1126 saeculo
1553 1077 1748 1139 scripta
1791 1092 1906 1126 esse
1955 1078 2226 1139 videntur,
2279 1092 2526 1140 magnam
2562 1093 2683 1126 cum

288 1163 571 1225 Borgianis
604 1163 1008 1211 similitudinem
1047 1161 1261 1211 habent.

227 1247 292 1294 Te
332 1246 602 1309 significat
648 1249 801 1309 plura
845 1246 1150 1309 fragmenta
1194 1245 1427 1308 capitum
1476 1244 1543 1294 14
1578 1250 1634 1293 et
1665 1244 1733 1293 15
1767 1247 2027 1309 evangelii
2061 1246 2346 1310 Matthaei,
2394 1260 2486 1308 pro
2520 1246 2685 1309 scrip-

286 1336 417 1378 tura
462 1334 516 1378 et
560 1335 711 1379 textu
747 1344 870 1379 cum
903 1329 1220 1392 fragmentis
1262 1329 1337 1376 Ta
1371 1335 1427 1377 et
1458 1326 1535 1376 Tb
1578 1335 1819 1392 cognata.
1874 1330 1932 1378 ln
1967 1332 2170 1379 oriente
2205 1331 2410 1379 invenit
2446 1330 2652 1393 Porphy

288 1415 405 1462 rius
439 1414 869 1463 archimandrita.

223 1495 304 1545 Τό
345 1497 617 1560 significat
680 1500 939 1548 nonnulla
1001 1498 1398 1562 evangeliorum
1466 1497 1725 1547 Matthaei
1778 1498 1938 1547 Marci
1992 1504 2048 1547 et
2097 1498 2308 1547 loannis
2359 1498 2685 1561 fragmenta,

285 1595 433 1644 quae
484 1583 540 1630 in
592 1582 783 1632 itinere
834 1579 1185 1632 Romano'ex
1238 1582 1564 1631 membranis
1615 1582 1888 1644 Borgianis
1939 1581 2197 1631 Sahidicis
2248 1581 2461 1632 Graecis
2511 1581 2682 1631 Tisch.

290 1667 567 1727 protraxit.
622 1666 692 1715 lis
727 1681 865 1729 quae
906 1667 982 1715 Ta
1021 1666 1153 1715 dixit
1187 1667 1463 1729 aliquanto
1498 1667 1792 1715 recentiora
1825 1671 1968 1716 sunt.
2007 1712 2011 1715 .

222 1747 272 1797 Γ
304 1749 469 1798 codex
508 1749 747 1798 Venetus
781 1750 1083 1800 Marcianus
1116 1751 1267 1800 class,
1302 1750 1324 1797 1
1361 1765 1441 1799 nr.
1478 1748 1594 1798 VIII
1633 1749 1758 1798 olim
1795 1749 2088 1799 Nanianus.
2136 1749 2274 1798 Sunt
2307 1748 2582 1812 evangelia
2614 1748 2683 1797 IV

286 1833 517 1896 integra.
572 1832 779 1883 Saeculi
815 1839 896 1883 est
934 1833 1001 1882 IX
1038 1835 1118 1882 vel
1154 1833 1215 1882 X.

230 1915 271 1962 V
303 1918 468 1964 codex
504 1917 838 1981 Mosquensis
873 1918 922 1968 S.
959 1917 1173 1981 Synodi.
1210 1916 1275 1966 IV
1311 1932 1422 1966 evv.
1460 1917 1700 1966 continet
1734 1919 1944 1967 saeculo
1979 1917 2091 1967 fere
2129 1931 2268 1966 nono
2291 1917 2485 1979 scripta
2514 1932 2682 1981 usque

290 2000 401 2050 ioh.
442 2000 470 2048 ‘s'
507 2016 519 2051 :
555 2000 650 2064 39,
685 2016 717 2051 a
751 2016 858 2066 qno
892 2002 1014 2051 inde
1050 2004 1161 2051 loco
1197 2016 1389 2051 manus
1424 2001 1688 2051 recentior
1721 2002 1917 2051 saeculi
1953 2001 2061 2050 fere
2088 2001 2206 2049 xm
2236 2001 2426 2050 litteris
2462 2001 2684 2050 minutis

286 2085 515 2146 scripsit.
566 2086 845 2134 Praeterea
878 2086 1210 2134 desideratur
1243 2086 1485 2135 nonnihil
1519 2086 1577 2134 in
1612 2085 1899 2135 Matthaeo.

226 2169 323 2214 u’a
361 2169 527 2218 codex
574 2170 702 2232 Imp.
752 2169 911 2219 Paris.
960 2185 1039 2219 nr.
1074 2168 1190 2218 314.
1250 2168 1390 2218 Sunt
1424 2170 1530 2218 duo
1567 2170 1867 2233 fragmenta
1899 2171 2135 2233 capitum
2170 2167 2202 2218 9
2236 2173 2293 2218 et
2326 2168 2392 2218 10
2426 2170 2684 2232 evangelii

290 2253 491 2316 Lucae,
527 2259 710 2303 octavo
746 2254 855 2303 fere
889 2256 1100 2303 saeculo
1135 2254 1345 2317 scripta.

226 2337 335 2382 IVb
375 2339 540 2387 codex
575 2338 959 2401 Neapolitanus
994 2338 1279 2401 rescriptus
1316 2339 1563 2387 foliorum
1601 2337 1694 2400 14,
1729 2353 1959 2401 quorum
1997 2352 2166 2386 unum
2191 2336 2362 2386 Tisch.
2387 2352 2526 2386 anno
2550 2335 2684 2386 1843

289 2423 452 2486 legit,
498 2423 552 2472 in
601 2438 708 2487 quo
754 2429 838 2472 est
884 2422 1041 2472 Marc.
1078 2421 1143 2470 14
1180 2436 1193 2471 :
1228 2420 1443 2472 32—39.
1499 2422 1638 2472 llaec
1674 2423 1839 2471 edidit
1875 2423 1927 2472 in
1962 2421 2245 2471 annalibus
2279 2421 2497 2471 Vindob.
2535 2420 2680 2471 1847.

290 2507 520 2570 Reliqua
573 2509 898 2572 fragmenta:
948 2507 1042 2556 Mt.
1094 2506 1161 2555 19
1198 2522 1210 2555 :
1245 2505 1471 2568 14-28,
1536 2505 1603 2554 20
1639 2522 1651 2555 z
1686 2505 1886 2555 23-24
1923 2522 1934 2555 :
1970 2506 2029 2570 2,
2080 2505 2146 2554 26
2181 2521 2193 2554 :
2229 2505 2456 2568 52-27,
2508 2504 2532 2554 1
2585 2506 2681 2555 Mc.

287 2591 356 2640 13
395 2607 406 2640 z
442 2591 645 2641 21-14
681 2607 693 2641 :
730 2591 824 2654 67,
879 2592 965 2641 Le.
999 2590 1033 2640 3
1069 2605 1080 2639 :
1114 2589 1249 2640 1-4
1285 2606 1296 2641 :
1333 2589 1413 2639 20.
1473 2590 1645 2640 Tisch.
1698 2606 1837 2640 anno
1889 2590 2022 2640 1866
2072 2591 2216 2654 legit.
2267 2591 2514 2639 Eiusdem
2560 2606 2682 2639 eum

299 2675 394 2722 Wa
434 2683 489 2726 et
524 2677 716 2726 aetatis
749 2681 806 2725 et
838 2676 1028 2725 indolis
1062 2681 1205 2724 sunt.

226 2762 346 2810 We:
386 2762 511 2811 folia
546 2762 650 2810 tria
682 2760 1077 2824 Sangallensia‚
1110 2760 1308 2823 quibus
1343 2774 1481 2823 quae
1516 2760 1646 2810 olim
1683 2759 1843 2809 Marci
1880 2764 1934 2808 et
1971 2759 2142 2808 Lucae
2168 2759 2466 2821 fragmenta
2491 2760 2685 2822 scripta

286 2855 449 2895 erant
491 2845 613 2907 (Mc.
649 2844 682 2893 2
718 2860 730 2895 :
765 2844 959 2908 8-16,
1012 2845 1096 2894 Lc.
1133 2844 1157 2894 1
1199 2859 1212 2893 t
1248 2843 1476 2908 20-32,
1524 2843 1776 2907 64-79),
1826 2845 1890 2893 ad
1928 2844 2186 2894 librorum
2221 2845 2682 2906 palimpsestorum

288 2931 512 2979 modum
561 2932 671 2978 fere
718 2930 893 2978 deleta
939 2935 1081 2978 sunt.
1143 2929 1288 2988 Quae
1334 2930 1455 2978 inde
1502 2944 1688 2979 eruere
1735 2930 1957 2992 contigit
2001 2929 2166 2977 edidit
2197 2928 2367 2978 Tisch.
2403 2929 2456 2977 in
2493 2929 2683 2977 Monu-

288 3022 596 3064 mentorum
632 3029 853 3064 suorum
890 3014 1161 3064 volumine
1198 3015 1285 3064 111.
1339 3015 1560 3064 Saeculo
1597 3014 1668 3063 IX
1704 3014 2046 3063 adscribenda
2079 3018 2222 3062 sunt.

226 3096 352 3148 Wd:
406 3100 505 3149 hoc
550 3100 682 3162 siglo
729 3099 983 3162 insignire
1025 3099 1195 3148 Tisch.
1234 3099 1407 3162 placet
1440 3099 1742 3162 fragmenta
1776 3100 1940 3147 trium
1975 3100 2209 3160 capitum
2245 3096 2313 3159 (7,
2349 3098 2396 3158 8,
2432 3096 2487 3158 9)
2522 3113 2682 3147 evan-

289 3184 415 3244 gelii
464 3183 624 3234 Marci
670 3185 883 3235 saeculo
928 3185 1039 3234 fere
1090 3199 1229 3234 nono
1281 3185 1500 3247 scripta,
1554 3199 1692 3247 quae
1747 3199 1885 3232 anno
1933 3182 2066 3231 1862
2113 3183 2168 3231 in
2201 3183 2420 3244 collegio
2455 3184 2504 3233 S.
2541 3184 2681 3233 Trin.

288 3267 717 3333 cantabrigiensi
763 3270 844 3319 vir
888 3270 1212 3322 clarissimus
1258 3270 1544 3319 Bradshaw
1592 3270 1645 3318 in
1683 3269 2006 3318 membranis
2040 3269 2269 3332 detexit,
2321 3268 2516 3330 quibus
2552 3268 2684 3317 liber

289 3353 531 3417 Gregorii
564 3355 882 3404 Nazianzeni
918 3361 1224 3417 compactus
1257 3361 1387 3404 erat.

212 3439 269 3487 X
320 3439 485 3488 codex
550 3438 900 3488 bibliothecae
965 3439 1324 3488 universitatis
1380 3439 1725 3489 Monacensis,
1794 3438 1934 3488 Sunt
1984 3440 2284 3502 fragmenta
2335 3439 2563 3502 plurima
2615 3438 2681 3486 IV

286 3523 687 3585 evangeliorum
705 3561 719 3586 ,
753 3537 983 3586 quorum
1008 3524 1180 3573 textui
1205 3524 1398 3585 additi,
1434 3524 1628 3586 passim
1655 3524 1917 3573 interiecti
1942 3529 2070 3573 sunt
2091 3525 2443 3586 complurium
2472 3531 2680 3585 patrum

288 3609 554 3670 imprimis
599 3607 964 3672 chrysostomi
1011 3610 1407 3671 commentarii,
1458 3609 1638 3671 sciipti
1686 3609 1762 3658 illi
1799 3610 2022 3658 minutis
2054 3609 2246 3658 litteris
2280 3608 2682 3670 antiquissimae

290 3693 509 3742 formae.
563 3692 804 3742 Exeunte
840 3708 978 3743 nono
1014 3695 1096 3742 vel
1132 3693 1352 3742 ineunte
1386 3693 1590 3742 decimo
1627 3696 1836 3741 saeculo
1871 3699 2119 3742 exaratus
2153 3698 2250 3741 est.

225 3778 269 3826 Υ
315 3777 480 3828 codex
534 3777 886 3827 bibliothecae
938 3778 1239 3841 principalis
1290 3777 1607 3826 Barberinae
1661 3793 1739 3826 nr.
1791 3777 1906 3826 225.
1957 3777 2097 3827 Sunt
2147 3779 2448 3840 fragmenta
2498 3791 2679 3840 evang.

290 3863 533 3912 loannis:
583 3861 652 3910 16
687 3876 699 3910 z
733 3859 900 3910 3—-19
932 3876 943 3911 ε
976 3860 1055 3911 41.
1114 3861 1293 3910 Edidit
1324 3861 1496 3910 Tisch.
1531 3863 1588 3910 in
1625 3862 1984 3911 Monumentis
2017 3878 2148 3912 sacr.
2182 3861 2342 3925 1846,
2394 3877 2439 3924 p.
2466 3860 2680 3910 37—50.

286 3947 485 3997 Incidit
518 3952 582 3994 ut
616 3946 827 3995 videtur
858 3946 912 3994 in
949 3952 1195 3995 octavum
1232 3961 1278 4008 p.
1318 3945 1439 3994 Chr.
1475 3948 1764 3995 saeculum.

204 4035 255 4084 Z
291 4034 459 4084 codex
510 4031 852 4081 Dublinensis
895 4032 1101 4094 collegii
1148 4031 1197 4080 S.
1244 4030 1385 4080 Trin.
1435 4033 1737 4094 rescriptuS.
1793 4032 1983 4081 Insunt
2027 4032 2253 4096 plurima
2298 4046 2376 4082 ev.
2424 4031 2681 4079 Matthaei

284 4119 623 4182 fragmenta,
675 4124 823 4165 sexto
874 4117 983 4166 fere
1035 4118 1249 4166 saeculo
1300 4117 1509 4179 scripta.
1571 4117 1708 4166 llaec
1760 4119 1937 4168 omnia
1987 4120 2076 4166 sed
2131 4118 2255 4165 locis
2307 4117 2449 4165 haud
2503 4116 2682 4177 paucis
