3050 4459
170 329 242 361 Jeu.
264 329 317 367 24,
340 328 379 361 21

231 383 262 419 2.
287 382 328 414 10

174 489 255 520 ΗΜ.
278 488 330 527 10.
354 489 374 519 8

172 542 230 574 Le.
251 542 304 581 2³,
326 542 369 574 3⁰

232 1154 285 1191 20.
308 1156 328 1185 Β

182 1207 286 1239 zach.
307 1208 338 1246 6,
359 1206 380 1239 ⁵

214 1492 277 1531 ja,
300 1492 342 1524 ιο

206 1546 264 1577 ει.
285 1546 316 1583 9,
333 1546 354 1577 ι

232 1686 284 1724 14,
307 1686 323 1718 1

199 1766 267 1798 Gn.
284 1766 339 1805 ⁴⁹,
361 1766 382 1797 8

436 200 537 251 684
669 200 727 263 6,
763 201 844 250 15.
1214 197 1727 251 ΑΠΟΚΑΛΥΨΙΣ
1756 196 2116 250 ΙΩΑΝΝΟῩ

435 339 502 389 15
535 335 629 388 καὶ
663 337 718 388 οἱ
744 335 975 404 βασιλεῖς
1010 343 1102 403 τῆς
1135 343 1232 403 γῆς
1267 335 1360 389 καὶ
1395 337 1450 388 οἱ
1476 342 1777 403 μεγιστᾶνες
1811 334 1903 387 καὶ
1942 336 1997 387 οἱ
2023 335 2289 403 χιλίαρχοι
2321 334 2415 388 καὶ
2449 335 2505 388 οἵ
2529 335 2777 388 πλούσιοι
2804 336 2906 389 καὶ

439 420 495 472 οἰ
523 419 731 486 ἰσχυροὶ
764 420 857 472 καὶ
889 426 993 479 πᾶς
1027 420 1216 478 δοῦλος
1250 420 1344 472 καὶ
1378 419 1657 486 ἐλεύθερος
1692 419 1942 487 ἔκρυψαν
1973 418 2191 478 ἑαυτοὺς
2224 419 2299 477 εἰς
2335 418 2397 473 τὰ
2430 418 2660 487 σπήλαια
2695 418 2796 472 καὶ
2821 419 2904 478 εἰς

436 502 526 561 τὰς
570 503 764 571 πέτρας
806 510 911 556 τῶν
945 504 1142 572 ὁρέων,
1194 507 1261 558 16
1295 504 1387 557 καὶ
1419 503 1659 572 λέγουσιν
1691 510 1799 561 τοῖς
1833 505 2008 571 ὄρεσιν
2041 503 2134 556 καὶ
2169 511 2278 562 ταῖς
2309 504 2536 570 πέτραις·
2569 502 2769 557 πέσατε
2805 503 2896 573 ἐφ’

438 587 578 654 ἡμᾶς
622 587 716 640 καὶ
760 588 1008 656 κρύψατε
1053 588 1192 656 ἡμᾶς
1226 588 1331 641 ἀπὸ
1363 588 1657 655 προσώπου
1692 595 1785 640 τοῦ
1819 589 2132 655 καθημένου
2165 588 2250 640 ἐπὶ
2285 595 2378 641 τοῦ
2413 589 2615 655 θρόνου
2650 588 2747 641 καὶ
2783 588 2900 642 ἀπὸ

437 678 530 739 τῆς
580 672 742 740 ὀργῆς
793 679 885 725 τοῦ
933 672 1150 739 ἀρνίου,
1198 675 1263 726 17
1309 673 1389 725 ὅτι
1435 671 1603 741 ἦλθεν
1635 672 1669 740 ἦ
1705 671 1878 740 ἡμέρα
1915 672 1947 741 ἦ
1982 671 2180 739 μεγάλη
2217 679 2308 740 τῆς
2343 671 2504 740 ὀργῆς
2537 671 2750 736 αὐτῶν,
2802 674 2905 727 καὶ
3003 712 3004 717 ,

437 756 513 815 τίς
546 757 761 810 δύναται
794 757 1052 825 σταθῆναι
1066 777 1084 821 ,·

1615 907 1723 958 vn.

503 1080 531 1131 ‘l
586 1076 691 1130 Καὶ
739 1075 872 1145 μετὰ
920 1084 1071 1129 τοῦτο
1114 1075 1257 1129 εἶδον
1304 1076 1556 1143 τέσσαρας
1601 1075 1849 1144 ἀγγέλους
1893 1075 2120 1134 ἑστῶτας
2160 1075 2244 1128 ἐπὶ
2280 1075 2370 1134 τὰς
2405 1075 2656 1142 τέσσαρας
2692 1078 2902 1144 γωνίας

434 1168 526 1229 τῆς
577 1168 700 1229 γῆς,
750 1169 1074 1228 κρατοῦντας
1120 1159 1242 1220 τοὺς
1286 1160 1539 1226 τέσσαρας
1584 1159 1810 1227 ἀνέμους
1856 1168 1949 1228 τῆς
1993 1168 2118 1229 γῆς,
2170 1162 2252 1213 ἵνα
2297 1158 2373 1227 μὴ
2407 1159 2539 1227 πνέῃ
2573 1160 2771 1227 ἄνεμος
2808 1160 2901 1215 ἐπὶ

437 1252 528 1314 τῆς
562 1253 658 1313 γῆς
690 1245 823 1313 μήτε
854 1244 939 1297 ἐπὶ
974 1251 1066 1313 τῆς
1099 1244 1371 1312 θαλάσσης
1403 1244 1538 1312 μήτε
1571 1244 1655 1297 ἐπὶ
1687 1251 1794 1296 πᾶν
1827 1243 2062 1311 δένδρον.
2115 1248 2146 1298 2
2181 1244 2273 1298 καὶ
2307 1243 2450 1298 εἶδον
2481 1244 2640 1297 ἄλλον
2669 1245 2905 1313 ἄγγελον

436 1329 781 1396 ἀναβαίνοντα
832 1328 936 1383 ἀπὸ
987 1329 1241 1396 ἀνατολῆς
1292 1328 1470 1397 ἡλίου,
1521 1329 1707 1396 ἔχοντα
1755 1329 2021 1397 σφραγῖδα
2068 1329 2200 1381 θεοῦ
2249 1331 2475 1393 ζῶντος,
2525 1328 2618 1381 καὶ
2664 1329 2904 1396 ἔκραξεν

437 1422 598 1482 φωνῇ
638 1413 837 1482 μεγάλῃ
884 1421 989 1473 τοῖς
1023 1412 1297 1480 τέσσαρσιν
1326 1412 1560 1482 ἀγγέλοις
1594 1413 1673 1471 οἷς
1706 1412 1873 1480 ἐδόθη
1908 1413 2086 1472 αὐτοῖς
2118 1412 2370 1483 ἀδικῆσαι
2407 1412 2501 1481 τὴν
2533 1421 2631 1481 γῆν
2665 1413 2760 1467 καὶ
2799 1413 2904 1483 τὴν

435 1497 737 1561 θάλασσαν,
788 1500 821 1551 3
864 1497 1049 1565 λέγων·
1096 1497 1172 1566 μὴ
1215 1496 1504 1566 ἀδικήσητε
1539 1496 1635 1565 τὴν
1668 1504 1767 1564 γῆν
1799 1497 1934 1565 μήτε
1969 1496 2063 1565 τὴν
2096 1498 2369 1551 θάλασσαν
2399 1497 2532 1566 μήτε
2566 1497 2628 1550 τὰ
2661 1498 2901 1567 δένδρα,

437 1583 563 1651 ἄχρι
609 1583 989 1650 σφραγίσωμεν
1027 1582 1149 1641 τοὺς
1184 1582 1408 1640 δούλους
1441 1588 1534 1634 τοῦ
1567 1582 1701 1634 θεοῦ
1735 1581 1895 1649 ἡμῶν
1927 1581 2012 1634 ἐπὶ
2047 1589 2155 1634 τῶν
2186 1582 2449 1649 μετώπων
2479 1582 2675 1635 αὐτῶν.
2727 1587 2764 1636 4
2801 1585 2902 1637 καὶ

434 1667 644 1734 ἤκουσα
690 1669 779 1719 τὸν
811 1666 1046 1734 ἀριθμὸν
1078 1673 1187 1719 τῶν
1221 1665 1687 1734 ἐσφραγισμένων,
1733 1666 1924 1719 ἑκατὸν
1959 1666 2345 1733 τεσσαράκοντα
2379 1666 2623 1733 τέσσαρες
2656 1668 2902 1735 χιλιάδες

435 1751 843 1820 ἐσφραγισμένοι
879 1752 942 1804 ἐκ
976 1751 1151 1818 πάσης
1185 1751 1357 1819 φυλῆς
1392 1752 1527 1803 υἱῶν
1558 1750 1785 1819 Ἰσραήλ·
1839 1755 1872 1804 5
1904 1750 1967 1803 ἐκ
2004 1751 2177 1819 φυλῆς
2209 1752 2382 1804 Ἰούδα
2412 1751 2629 1804 δώδεκα
2660 1752 2904 1820 χιλιάδες

435 1835 870 1904 ἐσφραγισμένοι,
917 1835 980 1888 ἐκ
1029 1837 1202 1904 φυλῆς
1231 1834 1461 1907 Ῥουβὴν
1495 1834 1712 1888 δώδεκα
1746 1835 2002 1903 χιλιάδες,
2048 1835 2111 1888 ἔκ
2147 1836 2323 1905 φυλῆς
2357 1835 2467 1890 Γὰδ
2502 1836 2719 1891 δώδεκα
2755 1839 2900 1907 χιλι-

436 2032 518 2083 15.
569 2048 662 2081 και
697 2030 764 2095 (Α
803 2032 931 2095 om.)
966 2048 1015 2081 οι
1049 2028 1277 2096 χιλιαρχ.
1314 2040 1406 2081 καὶ
1441 2047 1492 2080 οι
1524 2027 1765 2080 πλουσιοι
1799 2047 1924 2081 cum
1959 2031 2195 2090 &ACPQ
2279 2049 2372 2082 και
2406 2049 2454 2081 οι
2487 2030 2673 2083 πλουσ.
2709 2051 2808 2085 και
2844 2053 2898 2084 οι

569 2105 797 2172 χιλιαρχ.
845 2123 969 2158 cum
1014 2108 1064 2171 1,
1109 2106 1193 2169 36,
1238 2106 1319 2157 38.
1396 2122 1488 2155 και
1523 2121 1573 2154 οι
1608 2105 1681 2171 (κ,
1717 2104 1799 2169 50,
1832 2106 1899 2157 95
1932 2106 2213 2167 omittunt)
2247 2124 2455 2172 ισχυροι
2488 2124 2612 2159 cum
2647 2110 2894 2169 nACPQ.

569 2183 768 2233 Textus
800 2191 1057 2247 receptuS,
1092 2183 1392 2247 Griesbacm
1426 2182 1613 2234 Schola
1645 2198 1738 2231 και
1774 2199 1822 2231 οι
1857 2180 2086 2232 δυνατοι.
2121 2207 2190 2217 -
2223 2199 2315 2231 και
2343 2180 2622 2247 ελευθερος
2646 2186 2762 2235 sine
2784 2203 2896 2242 πας

570 2273 693 2308 cum
727 2258 867 2316 ACQ
900 2271 984 2322 vg.
1017 2283 1085 2292 -·
1119 2274 1210 2309 και
1244 2275 1347 2313 πας
1380 2255 1616 2322 ελευθερ.
1654 2274 1779 2308 cum
1813 2258 1938 2321 κῦΡ,
1971 2257 2020 2309 1.

435 2333 518 2384 16.
568 2349 749 2382 πεσετε
799 2349 921 2384 cum
975 2334 1112 2396 800,
1162 2334 1211 2397 1,
1258 2334 1517 2385 And.⁰¹¹1¹2·
1563 2336 1682 2384 Are.
1759 2349 1948 2382 πεσατε
1989 2349 2114 2384 cum
2161 2333 2273 2397 AP,
2322 2332 2369 2398 7,
2415 2332 2498 2396 28,
2534 2333 2612 2385 79.
2690 2352 2776 2385 ssu
2816 2354 2894 2387 τω

569 2406 756 2472 θρονω
790 2424 916 2459 cum
950 2408 1031 2467 ΒΟ
1063 2410 1225 2459 And.c
1263 2411 1380 2461 Are.
1448 2426 1533 2459 επι
1568 2426 1661 2459 του
1695 2407 1897 2473 θρονου
1931 2426 2054 2461 cum
2090 2409 2247 2473 ACP,
2279 2408 2328 2460 1.
2362 2435 2430 2445 -·
2463 2410 2755 2474 Syrgwynu
2784 2430 2895 2463 απο

568 2499 862 2546 προσωπου
897 2500 990 2533 του
1025 2500 1209 2547 αρνιου
1247 2500 1337 2548 pro
1369 2502 1475 2534 απο
1506 2501 1801 2549 προσωπου
1833 2521 1846 2535 .
1879 2522 1891 2534 .
1925 2522 1936 2534 .
1967 2502 2167 2548 αρνιου.

435 2559 519 2612 17.
569 2577 662 2623 της
696 2576 858 2623 οργης
891 2576 1070 2609 αυτων
1103 2575 1225 2610 cum
1260 2561 1352 2624 xC,
1386 2560 1469 2621 38,
1507 2576 1585 2626 vg.
1621 2576 1726 2626 syr.
1763 2559 2058 2612 Promissw
2093 2558 2390 2624 Fulg,ep.2‚3
2425 2560 2614 2626 Haym.
2692 2578 2736 2612 τ.
2773 2580 2892 2628 οργ.

572 2651 733 2687 αυτου
769 2651 892 2685 cum
926 2635 1072 2694 APQ
1103 2643 1238 2700 copt.
1274 2652 1403 2687 arm.
1439 2638 1580 2687 aeth.
1616 2638 1877 2687 Andpmn.
1909 2638 2026 2687 Are.
2062 2636 2221 2687 Prim.

436 2711 557 2761 vu:
606 2709 656 2761 1.
708 2708 813 2761 Και
856 2727 989 2775 μετα
1035 2726 1157 2762 eum
1195 2712 1337 2771 uPQ.
1402 2711 1676 2763 omittunt
1708 2728 1799 2761 και
1834 2712 1943 2775 AC,
1977 2726 2059 2776 vg.
2091 2736 2159 2745 -—
2190 2726 2321 2773 μετα
2355 2727 2507 2761 τουτο
2541 2728 2664 2763 cum
2700 2715 2776 2767 κΑ
2789 2715 2894 2774 GQ.

568 2804 700 2850 μετα
751 2803 910 2837 ταυτα
958 2802 1079 2837 cum
1127 2788 1190 2852 P,
1238 2803 1319 2852 vg.
1365 2813 1432 2821 —
1476 2804 1562 2836 επι
1597 2804 1688 2851 της
1721 2801 1847 2851 γης.·
1893 2786 1938 2836 Α
1976 2787 2190 2836 omittit.
2256 2801 2340 2833 επι
2375 2802 2467 2850 της
2504 2783 2806 2852 θαλασσηςε
2843 2793 2890 2841 A

571 2879 663 2926 της
714 2864 928 2913 omittit.
998 2863 1177 2914 Naber
1219 2863 1446 2927 conjecit
1486 2878 1621 2926 μητε
1666 2878 1750 2911 em
1796 2858 2068 2925 θαλασσης
2111 2876 2245 2924 μητε
2289 2876 2375 2908 em
2407 2859 2658 2926 ανυδρου.
2710 2866 2893 2917 Etiam

569 2954 643 2988 vs.
677 2937 710 2987 3
741 2936 881 3002 μηδε
915 2956 977 2989 τα
1010 2936 1203 3001 δένδρα
1238 2940 1416 3002 spuria
1448 2943 1578 2989 sunt
1610 2937 1995 3002 (Mnemosyne,
2023 2935 2172 3001 1878,
2202 2952 2249 3000 p.
2273 2934 2414 2999 103).
2482 2954 2634 3001 κρατ.
2658 2976 2670 2988 .
2692 2975 2705 2989 .
2728 2958 2895 3006 ,γηςι

570 3022 852 3079 syrgwynn
893 3030 985 3065 και
1030 3031 1355 3077 κρατουντας
1400 3030 1520 3068 τους
1568 3028 1823 3075 τεσσαρας
1868 3026 2110 3075 ανεμους.
2151 3037 2221 3046 -
2251 3027 2336 3060 em
2368 3028 2475 3062 παν
2507 3010 2729 3078 δενδρον
2763 3032 2892 3068 cum

569 3090 668 3152 κΡ,
714 3089 763 3153 1,
802 3088 885 3153 28,
930 3088 1012 3153 36,
1057 3088 1140 3151 49,
1186 3089 1267 3150 79,
1312 3089 1395 3153 91,
1436 3088 1518 3153 96,
1555 3085 1882 3139 Αηᾱββῦδνι
1948 3103 2032 3135 em
2068 3103 2115 3136 τι
2149 3084 2372 3150 δενδρον
2405 3104 2529 3139 cum
2566 3090 2652 3147 GQ
2686 3092 2794 3157 (vg.
2832 3095 2896 3145 in

570 3167 743 3215 ullam
774 3164 1062 3226 arborem).
1098 3191 1165 3199 —
1198 3164 1241 3213 Α
1280 3182 1364 3214 sm
1398 3162 1640 3227 δενδρου.

469 3241 517 3293 2.
568 3238 914 3304 αναβαινοντα
965 3257 1088 3291 cum
1140 3240 1375 3298 xACPQ.
1455 3236 1720 3303 αναβαντα
1767 3253 1890 3288 eum
1934 3238 1983 3301 1,
2027 3253 2160 3290 arm.
2238 3236 2496 3303 ανατολης
2541 3255 2664 3291 cum
2698 3243 2893 3303 xCPQ.

568 3310 840 3366 ανατολῶν
873 3332 996 3367 cum
1028 3318 1095 3380 A,
1130 3315 1211 3367 90.
1279 3314 1506 3379 εκραξεν
1540 3330 1663 3366 eum
1698 3314 1835 3373 xCQ.
1905 3314 2131 3378 εκραζεν
2164 3331 2288 3366 cum
2322 3316 2436 3380 ΑΡ,
2471 3318 2651 3367 Antis).

467 3391 516 3445 3.
566 3408 701 3456 μητε
747 3409 841 3456 την
885 3390 1110 3442 θαλασσ.
1159 3408 1282 3443 cum
1321 3392 1467 3450 CPQ.
1521 3393 1656 3442 Item
1691 3404 1740 3455 κ,
1775 3390 2015 3442 And.bav·
2046 3388 2184 3455 μηδε
2219 3409 2262 3440 τ.
2297 3386 2421 3440 θαλ.
2456 3417 2523 3427 —
2556 3407 2649 3440 και
2683 3408 2727 3440 τ.
2763 3389 2893 3444 oua.

569 3484 692 3519 cum
743 3468 809 3531 A,
859 3468 941 3531 37,
991 3466 1073 3532 38,
1125 3466 1206 3530 41,
1257 3467 1340 3531 42,
1394 3465 1559 3531 vg.01⁰-
1611 3482 1714 3517 am.
1759 3492 1827 3501 —-
1878 3481 1912 3520 κ
1955 3463 2095 3530 μηδε
2141 3483 2202 3515 τα
2249 3463 2458 3529 δενδρα.
2505 3492 2571 3501 —-—
2604 3483 2730 3531 αχρι
2765 3485 2894 3521 cum

569 3541 847 3607 κ(αχρις)Α
860 3544 963 3605 CP,
996 3543 1044 3606 1,
1078 3542 1160 3604 12,
1195 3541 1357 3593 Ombis
1387 3540 1629 3593 And‚bav.
1689 3558 1842 3606 αχρις
1875 3558 1940 3591 ου
1975 3557 2098 3591 cum
2139 3542 2195 3600 Q.

469 3618 518 3669 4.
567 3635 761 3668 εκατον
795 3618 874 3681 (C,
909 3618 958 3682 ⁶2,
991 3617 1040 3681 6,
1077 3618 1124 3681 7,
1158 3617 1241 3680 35,
1273 3616 1356 3681 38,
1391 3617 1473 3681 87,
1507 3617 1589 3680 91,
1625 3617 1707 3679 96,
1740 3616 1822 3680 97,
1858 3618 2019 3668 And.c
2052 3618 2261 3667 addunt
2287 3616 2402 3678 και)
2437 3632 2707 3681 τεσσερακ.
2739 3620 2892 3681 (cum

569 3694 662 3757 xC,
712 3710 989 3757 τεσσαρακ.
1042 3709 1167 3745 cum
1211 3692 1332 3755 AP)
1384 3709 1629 3756 τεσσαρες
1674 3689 1903 3756 χιλιαδες
1948 3709 2073 3744 cum
2120 3694 2196 3744 &A
2209 3693 2298 3743 GP
2329 3700 2427 3744 etc.
2496 3690 2619 3757 ρμδ’
2657 3691 2891 3759 χιλιαδες

570 3784 693 3819 cum
733 3770 789 3831 Q,
824 3769 870 3819 1.
903 3794 972 3804 —-
1007 3769 1295 3833 Synsswynn
1329 3769 1531 3818 omittit
1562 3784 1970 3832 εσφραγισμενοι
2007 3785 2079 3820 vs.
2114 3770 2146 3819 4
2180 3776 2237 3820 et
2277 3782 2345 3820 vs.
2380 3770 2428 3821 5.

436 3843 583 3893 5-8.
637 3841 854 3894 δωδεκα
890 3845 1091 3909 ubique
1126 3860 1249 3895 cum
1284 3845 1426 3909 ΒΑΘ,
1460 3844 1508 3908 1,
1544 3843 1593 3907 6,
1627 3844 1709 3908 14,
1743 3842 1824 3907 38,
1859 3844 1940 3908 48,
1975 3845 2057 3907 51,
2091 3844 2174 3895 9⁶2.
2242 3842 2312 3910 ιβ’
2350 3861 2474 3896 eum
2505 3844 2613 3902 Po.
2681 3863 2887 3912 εσφρα-

568 3935 799 3983 γισμενοι
846 3921 926 3970 bis
971 3921 1343 3971 tantummodo
1390 3922 1422 3969 i.
1457 3935 1501 3969 e.
1539 3936 1586 3971 v.
1622 3920 1669 3983 5,
1717 3928 1836 3981 post
1866 3936 1929 3969 εκ
1966 3917 2140 3985 φυλης
2174 3918 2328 3970 ιουδα
2362 3916 2494 3969 δωδ.
2531 3918 2631 3985 χιλ.
2669 3930 2726 3973 et
2759 3940 2806 3975 v.
2842 3923 2891 3987 8,

570 4002 798 4045 exeunte
832 4008 955 4045 cum
989 3995 1224 4052 xACPQ.
1284 3995 1481 4045 'sextus
1515 4002 1760 4058 receptus
1793 3996 1994 4061 ubique
2029 3998 2061 4047 i.
2098 4013 2143 4047 e.
2177 3997 2474 4061 duodecieS‚
2509 4004 2625 4062 post
2656 3995 2889 4063 χιλιαδες

571 4071 719 4119 addit
751 4086 874 4120 cum
908 4069 969 4119 31
1007 4070 1106 4133 (sic
1139 4077 1281 4122 certe
1315 4071 1450 4123 vdtr.
1485 4086 1567 4135 ap.
1605 4070 1900 4135 Serivener)
1937 4088 2019 4136 vg.
2053 4087 2184 4123 arm.
2219 4075 2338 4123 Are.
