3050 4459
1427 253 1489 262 -·
2603 242 2680 279 vll

228 404 274 452 I:
310 403 474 452 codex
510 402 636 452 bibl.
672 402 801 464 Imp.
839 402 1274 465 Petropolitanae.
1328 402 1471 451 Folia
1504 407 1633 450 sunt
1667 402 2002 464 palimpsesta
2035 401 2128 464 28,
2179 405 2384 464 septem
2418 403 2682 465 antiquis-

286 487 548 535 simorum
601 486 841 535 codicum
892 486 1178 549 reliquiae,
1230 501 1460 550 quorum
1508 492 1617 535 tres
1664 487 1875 535 saeculo
1927 485 2144 549 quinto,
2197 486 2304 534 duo
2349 491 2524 549 sexto,
2576 487 2681 535 duo

286 571 445 620 alteri
491 571 719 632 septimo
763 571 942 632 scripti
991 571 1255 620 videntur.
1310 570 1630 634 Fragmenta
1674 570 1954 619 continent
1996 575 2253 633 quattuor
2286 571 2678 633 evangeliorum

288 655 520 717 librique
556 655 839 717 Actorum,
874 656 1003 705 item
1040 656 1385 719 epistolarum
1420 654 1485 702 ad
1522 653 1825 703 Corinthios
1859 654 2045 717 prioris
2079 661 2134 702 et
2168 653 2234 702 ad
2263 653 2460 703 Titum.
2507 654 2684 704 Edidit

285 739 459 789 Tisch.
496 740 552 788 in
588 738 1058 789 Monumentorum
1094 739 1295 789 Sacror.
1334 753 1469 789 nova
1504 739 1842 800 collectione,
1880 740 1977 788 rol.
2015 738 2066 801 1,
2101 752 2242 788 anno
2275 737 2489 800 18551).

219 822 287 871 ΙΙ)
328 823 637 886 fingmenta
683 823 1025 886 palimpsesta
1068 824 1331 886 evangelii
1368 823 1578 872 Ioannis
1612 821 1870 885 (capitum
1905 822 2027 871 xm
2063 827 2119 871 et
2152 820 2292 880 xvi)
2324 825 2536 872 saeculo
2572 823 2683 872 fere

286 909 514 956 ineunte
566 908 756 970 quinto
802 909 1008 970 scripta.
1063 906 1314 958 Continet
1361 909 1491 958 haec
1539 908 1842 970 fragmenta
1875 907 2036 956 codex
2072 907 2321 970 Syriacus
2355 907 2678 970 hymnorum

285 992 472 1042 Severi
517 992 573 1041 in
620 992 802 1041 Museo
848 992 1153 1041 Britannico
1200 1007 1348 1041 num.
1394 989 1580 1053 1213ss
1625 992 1926 1054 insignitus,
1987 991 2162 1040 Edidit
2193 990 2366 1041 Tiseh.
2402 992 2455 1041 in
2491 990 2680 1041 Monu-

286 1082 518 1125 mentor.
554 1090 683 1126 sacr.
721 1076 857 1126 ined.
894 1090 1031 1125 nova
1064 1077 1264 1126 collect.
1303 1078 1403 1126 vol.
1440 1077 1503 1126 11.

218 1160 268 1208 Κ
300 1161 367 1209 ad
404 1160 710 1223 evangelia,
757 1161 915 1210 codex
953 1160 1077 1209 bibl.
1114 1160 1244 1223 Imp.
1281 1160 1592 1210 Parisiensis
1626 1176 1705 1209 nr.
1742 1158 1833 1223 63,
1883 1160 1951 1209 ab
1985 1161 2161 1210 insula
2197 1161 2338 1209 unde
2372 1175 2513 1210 anno
2547 1161 2682 1211 1673

284 1246 341 1293 in
394 1243 773 1294 bibliothecam
827 1244 1188 1294 Colbertinam
1243 1245 1483 1307 pervenit
1532 1245 1847 1309 plerumque
1900 1243 2126 1308 Cyprius
2180 1245 2367 1295 dictus.
2432 1245 2683 1296 Continet

284 1329 563 1391 evangelia
598 1327 666 1377 IV
701 1329 924 1392 integra.
977 1327 1216 1391 Scriptus
1252 1329 1460 1377 videtur
1493 1329 1704 1378 saeculo
1742 1342 1880 1377 nono
1918 1329 2090 1377 medio
2127 1329 2208 1378 vel
2242 1335 2488 1379 exeunte.

220 1413 269 1460 A·
300 1412 369 1461 ad
417 1412 676 1475 epistulas
720 1413 1007 1463 catholicas
1052 1419 1110 1462 et
1154 1413 1432 1476 PaulinaS,
1479 1413 1640 1463 codex
1689 1413 2021 1476 Mosqucnsis
2066 1413 2116 1462 S.
2154 1413 2353 1476 Synodi
2401 1430 2479 1465 nr.
2511 1414 2581 1463 98
2615 1431 2676 1464 ex

284 1497 431 1546 Atho
482 1504 665 1546 monte
717 1498 932 1560 petitus.
985 1495 1235 1547 Continet
1285 1513 1470 1558 omnes
1523 1498 1658 1547 Novi
1719 1497 1856 1546 Test.
1904 1499 2153 1561 epistolas
2203 1500 2433 1562 exceptis
2477 1501 2682 1563 aliquot

284 1581 563 1644 capitibus
618 1580 860 1631 Contulit
893 1580 1016 1630 Chr.
1051 1581 1133 1631 Fr.
1170 1581 1456 1643 Matthaei,
1492 1587 1846 1644 accurateque
1883 1581 2156 1644 descripsit
2189 1583 2243 1632 in
2282 1583 2361 1634 ed.
2386 1598 2501 1647 epp.
2529 1583 2679 1632 Pauli

285 1666 352 1714 ad
406 1665 696 1726 Romanoa,
742 1666 808 1714 ad
851 1665 1031 1715 Titum
1077 1671 1134 1714 et
1166 1665 1232 1714 ad
1271 1665 1635 1715 Philemonem
1673 1666 1835 1728 Rigae
1868 1664 2028 1726 1782,
2067 1681 2112 1729 p.
2147 1665 2247 1716 265
2283 1682 2398 1730 sqq.
2435 1667 2678 1717 facsimili

287 1750 578 1811 praemisso
613 1750 833 1799 editioni
868 1764 984 1813 epp.
1020 1749 1263 1799 catholic.
1299 1749 1463 1813 Rigae
1497 1747 1646 1798 1789..
1699 1749 1837 1799 Noni
1872 1751 2069 1800 saeculi
2104 1765 2218 1800 esse
2246 1751 2467 1802 videtur.
2502 1751 2678 1815 (Apud

286 1833 647 1884 Matthaeium
682 1839 765 1884 est
798 1834 955 1884 codex
991 1835 1065 1897 g.)

216 1918 261 1967 L
294 1918 365 1966 ad
417 1919 721 1982 evangelia,
780 1919 940 1968 codex
992 1919 1123 1981 Imp.
1178 1918 1349 1978 Paris,
1403 1933 1480 1967 nr.
1532 1916 1613 1967 62.
1680 1918 1906 1967 Textum
1958 1919 2352 1982 evangeliorum
2405 1920 2678 1984 integium

286 2002 507 2065 praebet
551 2004 783 2066 exeeptis
817 2004 943 2052 locis
977 2004 1235 2066 quinque.
1288 2004 1442 2052 Anno
1476 2001 1612 2051 1846
1645 2007 1820 2052 totum
1855 2003 2083 2052 inseruit
2113 2003 2285 2053 Tisch.
2321 2004 2680 2055 Monumentis

285 2088 455 2136 sacris
485 2088 700 2136 ineditis
738 2103 782 2150 p.
819 2086 1068 2136 57-399,
1123 2087 1363 2151 Scriptus
1397 2089 1609 2137 saeculo
1644 2086 1754 2135 fere
1789 2086 1923 2136 Vlll.

213 2173 259 2220 L
297 2172 363 2220 ad
412 2174 547 2221 Acta
592 2177 649 2220 et
692 2173 972 2235 epistulas,
1020 2172 1179 2221 codex
1227 2171 1352 2221 bibl.
1400 2171 1668 2220 Romanae
1713 2171 1993 2234 Angelicae
2041 2171 2446 2232 (monachorum
2481 2174 2680 2224 ordinis

287 2255 339 2304 S.
369 2256 683 2319 Augustini)
719 2256 759 2304 A
796 2255 844 2319 2,
879 2255 960 2319 15,
996 2263 1158 2305 antea
1194 2255 1458 2304 passionei
1493 2255 1789 2304 cardinalis.
1845 2256 2035 2319 Incipit
2068 2257 2182 2306 Act.
2217 2255 2279 2318 8,
2311 2255 2379 2306 10
2413 2264 2468 2306 et
2502 2258 2681 2308 deficit

289 2339 445 2389 Hebr.
479 2338 573 2402 13,
608 2339 688 2389 10.
744 2339 965 2390 Videtur
997 2345 1226 2389 exeunte
1262 2340 1371 2389 fere
1405 2354 1546 2389 nono
1580 2353 1714 2389 saec,
1751 2340 1979 2402 scriptus
2012 2355 2141 2389 esse.

216 2424 278 2472 M
312 2425 473 2473 codex
512 2424 642 2487 Imp.
676 2425 842 2474 Paris,
874 2425 1117 2486 signatus
1142 2437 1365 2472 numero
1388 2421 1482 2486 48,
1519 2424 1647 2472 olim
1671 2422 1876 2472 abbatis
1901 2423 2002 2473 Des
2027 2423 2234 2487 Cau‘upS.
2272 2425 2676 2489 Evangeliorum

284 2516 497 2559 textum
534 2509 805 2573 integrum
842 2508 1019 2559 habet.
1071 2508 1332 2557 Exaratus
1366 2513 1449 2557 est
1485 2512 1601 2570 post
1637 2509 1772 2556 med.
1808 2523 1942 2558 saec.
1980 2509 2065 2558 lx.

214 2592 279 2640 l!
311 2593 377 2642 ad
414 2608 533 2656 epp.
569 2592 749 2643 Pauli:
787 2593 1089 2656 fragmenta
1123 2593 1256 2653 duo,
1291 2594 1461 2641 altera
1499 2591 1919 2654 Hambungensia
1952 2591 2038 2654 (ex
2075 2607 2154 2655 ep.
2189 2594 2255 2642 ad
2295 2593 2476 2654 Hebr.)
2510 2597 2678 2644 altera

290 2677 646 2727 Londinensia
692 2693 753 2728 ex
803 2692 917 2741 epp.
965 2678 1029 2726 ad
1078 2676 1241 2736 Cor.)
1263 2677 1442 2726 Edidit
1486 2676 1658 2726 Tisch.
1695 2678 1749 2725 in
1785 2678 2067 2764 Anecdotis
2100 2694 2229 2728 sacr.
2264 2683 2320 2727 et
2354 2679 2484 2741 pros.
2517 2678 2679 2744 1855,

290 2777 406 2826 pag.
440 2761 541 2811 174
580 2778 697 2826 sqq.
748 2761 961 2812 Saeculi
997 2768 1059 2810 ut
1095 2761 1303 2810 videtur
1338 2761 1478 2810 noni.

212 2847 294 2895 A:
346 2855 477 2895 sunt
529 2847 634 2895 tria
679 2847 916 2896 eiusdem
964 2845 1154 2895 codicis
1201 2846 1451 2908 purpurei
1498 2859 1737 2908 auroque
1785 2850 1840 2894 et
1885 2851 2104 2908 angento
2138 2847 2316 2908 scripti
2353 2847 2674 2911 fragmenta,

290 2932 523 2993 primum
570 2931 817 2980 foliorum
865 2930 1095 2979 duorum
1134 2929 1496 2992 vindobonae,
1546 2930 1778 2979 alterum
1812 2929 1994 2988 (antea
2025 2930 2062 2978 J
2096 2929 2232 2989 evv.)
2267 2937 2526 2994 quattuor
2557 2931 2677 2981 foli-

285 3031 442 3064 orum
508 3015 760 3077 Londini,
824 3016 1047 3064 tertium
1107 3015 1293 3076 (antea
1354 3011 1408 3064 Γ
1448 3014 1584 3076 evv.)
1636 3029 1726 3064 sex
1778 3015 2026 3063 foliorum
2079 3013 2276 3063 Romae
2328 3021 2675 3065 servatorum.

292 3101 585 3162 Dea-sumpta
630 3105 758 3148 sunt
792 3114 853 3148 ex
891 3114 1000 3148 evv.
1038 3098 1323 3162 Matthaei,
1372 3098 1544 3148 Lucae
1578 3104 1634 3148 et
1667 3099 1904 3160 loanniS,
1951 3098 2158 3160 scriptis
2191 3105 2339 3148 sexto
2375 3104 2437 3148 ut
2472 3100 2680 3149 videtur

285 3186 517 3234 saeculo.
569 3184 747 3233 Edidit
790 3183 961 3233 Tisch.
997 3198 1042 3232 a.
1079 3182 1213 3232 1846
1246 3185 1301 3233 in
1336 3183 1699 3232 Monumentis
1732 3197 1862 3232 sacr.
1899 3183 2037 3232 ined.
2075 3197 2122 3245 p.
2156 3181 2372 3232 10-36,
2427 3184 2676 3234 Eiusdem

286 3268 482 3318 codicis
530 3269 655 3317 folia
700 3267 766 3317 33
812 3284 874 3317 ex
923 3281 1107 3330 evang.
1153 3267 1317 3317 Marci
1362 3267 1507 3326 (inde
1551 3281 1585 3315 a
1616 3265 1677 3330 6,
1713 3265 1939 3328 53-15,
1974 3264 2061 3326 23)
2098 3266 2380 3329 desumpta
2412 3267 2468 3316 in
2502 3267 2678 3317 insula

294 3353 483 3402 Patmo
542 3352 760 3402 loannes
811 3352 1097 3402 Sakkelion
1151 3352 1231 3400 vir
1280 3351 1605 3400 clarissimus
1651 3350 1854 3399 invenit
1898 3355 2250 3413 accurateque
2296 3351 2558 3413 descripta
2611 3353 2673 3402 ad

282 3437 459 3487 Tisch.
509 3437 669 3486 misit.
724 3436 902 3486 Edidit
946 3435 1117 3484 Tisch.
1152 3435 1207 3484 in
1244 3434 1712 3484 Monumentorum
1750 3448 1970 3482 suorum
2005 3433 2275 3482 volumine
2307 3432 2357 3483 8.
2408 3433 2680 3484 Accedunt

290 3523 515 3584 insuper
552 3535 615 3570 ex
650 3520 1046 3571 collectionibus
1082 3518 1304 3582 Porfyrii
1339 3519 1565 3582 episcopi
1601 3518 1705 3566 duo
1741 3520 2040 3581 fragmenta
2074 3518 2250 3567 brevia.
2283 3519 2476 3568 codicis
2508 3520 2677 3568 simil-

286 3608 433 3670 limi,
469 3621 500 3655 e
534 3606 703 3669 capite
740 3620 877 3655 nono
910 3620 990 3655 ev.
1024 3604 1187 3654 Marci
1219 3606 1514 3667 desumpta.

204 3692 269 3741 λ’
318 3692 387 3740 ad
435 3690 693 3753 epistulas
740 3689 1013 3738 Paulinas:
1061 3689 1158 3738 hoc
1203 3689 1336 3752 siglo
1382 3689 1488 3738 duo
1533 3688 1658 3738 folia
1692 3688 2107 3751 Petropolitana,
2153 3688 2384 3737 alterum
2419 3688 2677 3750 epistulae

283 3777 352 3826 ad
405 3774 625 3825 Galatas
669 3774 752 3837 (5,
786 3772 982 3834 12-6,
1016 3771 1099 3836 4),
1146 3775 1378 3822 alterum
1412 3773 1477 3822 ad
1516 3772 1780 3822 Hebraeos
1812 3773 2042 3834 epistula
2074 3773 2157 3836 (5,
2191 3770 2349 3834 8-6,
2382 3770 2472 3833 10)
2506 3771 2675 3821 Tisch.

286 3869 479 3910 notare
514 3860 699 3922 placet.
751 3858 960 3908 Saeculi
996 3859 1243 3907 videntur
1278 3858 1364 3907 IX.

284 4045 329 4100 1)
384 4043 535 4093 Folia
567 4056 631 4091 ea
664 4045 924 4104 quattuor
955 4053 1093 4103 quae
1128 4045 1285 4088 antea
1319 4040 1451 4102 siglo
1483 4038 1519 4087 J
1551 4039 1721 4089 notari
1746 4039 2013 4102 solebant,
2048 4054 2171 4088 cum
2199 4039 2415 4101 reliquis
2440 4039 2674 4089 eiusdem

202 4121 410 4171 codicis
444 4116 764 4182 fragmentis
797 4117 1078 4168 coniuncta
1113 4116 1178 4164 ad
1214 4115 1267 4164 Ν
1297 4116 1493 4178 sigium
1530 4116 1805 4164 transtulit
1838 4115 2007 4164 Tisch.
