3050 4459
341 218 393 255 IV
1536 227 1598 236 ..-

339 394 459 429 vere
493 382 549 428 et
582 378 913 442 conjecturas
946 376 1180 426 virorum
1215 376 1489 426 doctorum
1530 375 1769 440 undique
1803 382 2144 440 comportare.
2192 377 2384 427 Deesse
2415 377 2632 441 quidem
2661 379 2792 427 haec

336 463 571 514 subsidia
596 463 775 512 critica
806 462 951 511 vides
984 462 1040 510 in
1070 460 1394 511 editionibus
1421 461 1684 524 plerisque
1702 459 1836 510 Novi
1854 461 2207 525 Testamenti3
2237 465 2294 511 at
2311 457 2535 525 pessimo
2553 465 2791 526 exemplo

337 548 468 598 mihi
504 547 817 597 methodum
853 547 1222 609 philologicam
1260 545 1552 608 neglexisse
1587 544 1835 594 videntur
1869 546 2132 610 theologi,
2167 546 2260 610 qui
2294 547 2368 596 sic
2401 547 2698 597 ediderunt.
2807 536 2814 546 ⁰

401 633 518 683 Jam
549 637 838 697 antequam
864 631 1047 680 Blassii
1071 630 1379 694 prodierunt
1401 630 1659 680 editiones
1683 629 1938 680 Actorum
1964 636 2020 679 et
2044 631 2312 694 Evangelii
2339 633 2536 696 Lucae,
2565 633 2723 682 codex
2743 633 2792 682 D

335 718 727 782 evangeliorum
758 721 814 765 et
843 716 1096 765 Actorum
1126 716 1181 764 in
1211 714 1401 765 scrinio
1432 729 1552 764 meo
1577 717 1831 778 perpetue
1857 715 1988 764 mihi
2015 716 2285 779 adstabat,
2319 722 2380 765 ut
2402 715 2517 779 ejus
2540 717 2792 767 lectiones

335 802 545 853 assidue
575 803 963 865 diligenterque
990 805 1309 850 excuterem.
1345 801 1633 863 Praecipue
1663 802 1718 849 in
1743 801 1887 850 Actis
1910 800 2130 851 edendis
2156 802 2407 850 lectiones
2431 802 2679 865 adscripsi
2703 817 2789 852 eo-

336 888 464 938 dicis
496 887 611 950 ejus
637 887 687 936 D
716 884 898 951 (quem
932 885 1191 950 „Textum
1224 884 1650 935 occidentalem''
1679 887 1760 935 vel
1793 885 2068 949 „Formam
2101 885 2425 936 Romanam'’
2450 887 2582 936 dixit
2607 885 2791 948 Blass).

337 971 503 1035 Cujus
549 971 669 1021 libri
717 971 1095 1034 praestantiam
1133 984 1462 1034 quamquam
1498 970 1778 1019 immodice
1816 972 2067 1019 extollere
2103 971 2234 1020 mihi
2270 971 2516 1020 videntur
2549 971 2791 1034 nonnulli

336 1061 393 1106 et
437 1056 675 1105 codicum
724 1055 956 1104 familiae
992 1054 1259 1118 ejusdem,
1310 1054 1679 1104 memorabiles
1715 1055 1900 1119 utique
1935 1058 2062 1103 sunt
2093 1055 2345 1104 lectiones
2380 1055 2504 1104 hinc
2537 1056 2791 1104 oriundae

338 1156 434 1190 nec
476 1140 673 1189 librum
720 1139 770 1188 D
813 1140 1030 1203 impune
1075 1138 1186 1202 jam
1224 1139 1517 1202 neglexerit
1552 1139 1832 1202 quispiam.
1885 1138 2094 1188 Rationi
2126 1154 2252 1188 sane
2288 1141 2602 1202 patrocinari
2636 1140 2790 1204 equi-

336 1225 456 1274 dem
509 1239 615 1273 non
665 1224 864 1288 ausim,
919 1238 1033 1287 qua
1079 1224 1417 1287 explicavisse
1467 1224 1565 1274 sibi
1612 1224 1752 1274 visus
1800 1229 1882 1274 est
1927 1225 2159 1274 Blassius
2205 1225 2460 1288 originem
2496 1226 2791 1288 duplicatae

332 1309 478 1358 illius
523 1309 866 1371 narrationi3‚
916 1322 1079 1372 quam
1126 1312 1184 1358 et
1226 1309 1280 1358 in
1317 1308 1462 1358 Actis
1498 1314 1555 1358 et
1587 1309 1641 1358 in
1677 1308 1959 1372 Evangelio
1995 1309 2165 1359 Lucae
2200 1308 2530 1358 offendimus
2582 1309 2624 1359 Ο
2659 1324 2789 1373 pau-

336 1409 515 1458 perem
550 1395 703 1443 illum
742 1395 968 1458 Lucam,
1003 1409 1164 1458 quem
1201 1393 1298 1443 sibi
1331 1393 1484 1443 {inxit
1509 1394 1590 1442 vir
1612 1393 1919 1456 ceteroquin
1945 1394 2341 1458 sagacissimuS,
2376 1395 2468 1458 qui
2493 1395 2793 1445 adversaria

335 1480 534 1543 prime,
566 1480 684 1529 dein
713 1480 870 1529 libros
894 1480 1032 1543 ipsos
1056 1479 1423 1542 conscripserit
1442 1479 1621 1528 minus
1641 1481 1986 1542 neglegenter
2002 1480 2342 1544 compositoS,
2367 1483 2594 1543 utraque
2612 1480 2790 1530 editu-

336 1566 484 1614 ruml
522 1564 718 1613 Verum
748 1579 815 1613 ne
842 1565 940 1614 hoc
963 1565 1176 1628 quidem
1206 1569 1437 1626 constat,
1468 1563 1641 1613 Lucae
1667 1565 1764 1628 ipsi
1791 1563 1924 1613 Acta
1948 1564 2125 1614 deberi
2153 1568 2212 1614 et
2231 1565 2404 1614 eidem
2429 1564 2789 1630 Evangelium.

403 1650 684 1700 Praeterea
716 1650 771 1699 in
808 1649 1104 1714 Evangeliis
1136 1649 1354 1699 edendis
1388 1649 1622 1699 codicem
1658 1649 1859 1698 contuli
1897 1650 2279 1700 Rossanensem
2318 1647 2373 1699 Σ
2383 1666 2395 1712 ;
2431 1649 2582 1713 cujus
2609 1655 2790 1700 tamen

334 1735 644 1784 varietatem
702 1735 989 1783 lectionum
1045 1740 1299 1798 perpetuo
1353 1738 1609 1783 annotare
1662 1733 1958 1797 supersedi,
2020 1734 2240 1799 indigna
2290 1735 2432 1784 enim
2485 1739 2593 1798 est,
2655 1749 2792 1798 quae

335 1819 518 1868 sedulo
544 1818 872 1868 exhibeatur.
924 1818 1196 1867 Lectiones
1226 1823 1355 1866 sunt
1382 1818 1490 1866 sive
1528 1818 1695 1880 pretio
1719 1817 2009 1867 destitutae
2036 1818 2143 1867 sive
2168 1831 2287 1881 eae,
2323 1833 2456 1881 quas
2473 1819 2788 1882 jamdudum

336 1904 550 1953 aliunde
585 1904 823 1967 cognitas
857 1903 910 1951 in
950 1906 1207 1965 apparatu
1243 1901 1421 1951 critico
1457 1902 1710 1950 invenias
1763 1901 1976 1963 Majoris
1999 1902 2254 1951 momenti
2282 1906 2366 1950 est
2388 1903 2546 1951 codex
2574 1902 2794 1967 syr.⁸i¹²·;

335 1988 450 2052 ejus
484 1988 647 2052 igitur
680 1987 933 2036 lectiones
966 1987 1369 2049 diligentissime
1403 1986 1730 2049 conquisitas
1765 1986 1818 2034 in
1856 1987 2198 2035 annotatione
2241 1985 2436 2050 ubique
2467 1987 2730 2049 adscripsi.

401 2072 670 2122 Suadente
720 2072 1072 2120 Herwerdeno
1119 2072 1321 2135 collega
1365 2070 1420 2119 in
1472 2070 1776 2120 nominibus
1823 2070 2101 2120 exarandis
2146 2085 2174 2119 e
2220 2070 2415 2134 linguis
2450 2069 2704 2120 Hebraica
2737 2075 2793 2121 et

334 2157 593 2206 Aramaea
637 2157 929 2219 desumptis
978 2170 1068 2205 eas
1118 2156 1324 2205 litteras
1381 2141 1628 2218 adhibui,
1681 2169 1819 2219 quae
1873 2155 2362 2219 pronunciationem
2397 2155 2704 2205 Hebraicam
2738 2160 2794 2205 et

335 2241 649 2291 Aramaeam
700 2255 861 2304 quam
898 2240 1291 2289 accuratissime
1326 2240 1596 2290 exhibent.
1653 2239 1824 2299 Quam
1860 2240 2119 2290 scribendi
2159 2240 2415 2289 rationem
2451 2240 2792 2303 paucissimos

335 2327 509 2376 adhuc
547 2327 902 2376 introduxisse
939 2325 1125 2388 miror3
1165 2325 1383 2388 spiritus
1416 2335 1661 2389 asperum
1695 2331 1750 2375 et
1785 2327 1958 2374 lenem
1993 2330 2206 2389 tamen,
2242 2340 2305 2374 ex
2329 2325 2514 2389 lingua
2541 2324 2794 2376 Hebraica

336 2412 555 2475 petitos,
606 2411 650 2460 si
701 2425 806 2474 quo
859 2411 970 2459 loco
1018 2424 1149 2472 opus
1195 2415 1335 2459 esset
1375 2409 1487 2472 jam
1524 2413 1650 2458 ante
1685 2423 1772 2458 me
1808 2409 1948 2459 inter
1981 2423 2094 2459 sese
2127 2414 2468 2458 mutaverant
2501 2408 2792 2459 Westcott-

336 2495 495 2559 Hert,
532 2511 759 2559 quorum
802 2495 1020 2559 vestigia
1056 2496 1234 2557 pressi.

403 2581 821 2642 Nonnumquam
873 2579 1074 2628 codices
1120 2593 1217 2627 nos
1264 2579 1519 2628 deserunt
1554 2592 1730 2641 neque
1766 2578 1876 2627 ullo
1913 2579 2065 2627 modo
2101 2577 2319 2640 efficiaS,
2368 2583 2552 2627 utrum
2586 2578 2794 2629 dicendi

333 2680 572 2716 normam
627 2663 942 2713 severiorem
997 2663 1369 2726 usurpaverint
1417 2662 1560 2713 Sacri
1607 2662 1896 2726 Scriptores
1944 2677 2013 2712 an
2061 2677 2357 2712 sermonem
2409 2664 2680 2726 vulgarem
2728 2663 2794 2713 ab

334 2749 704 2814 grammatices
739 2748 939 2812 regulis
974 2749 1253 2810 paululum
1281 2748 1645 2811 recedentem3
1683 2749 1824 2812 quod
1851 2748 1894 2796 si
1919 2747 2230 2811 ambiguum
2261 2748 2454 2812 fuerit,
2491 2763 2793 2799 sermonem

333 2839 638 2885 constanter
671 2833 928 2897 praetuli,
963 2833 1335 2896 grammatices
1372 2834 1585 2898 regulas
1619 2834 1800 2882 stricte
1837 2832 2222 2882 observantem.

399 2919 811 2969 Annotationem
866 2923 1173 2981 perpetuam
1230 2918 1433 2980 Belgice
1485 2917 1811 2967 conscribere
1858 2919 1913 2966 in
1960 2917 2201 2966 animum
2251 2918 2418 2980 primo
2453 2918 2791 2981 induxeram3

333 3008 548 3053 auctore
594 3002 946 3051 Herwerdeno
994 3016 1025 3049 a
1068 3001 1326 3064 proposito
1362 3001 1558 3052 destiti.
1623 3002 1809 3051 Lector
1840 3000 2127 3051 benevolus
2157 3002 2364 3051 veniam
2399 3001 2491 3050 det
2524 3015 2790 3065 errorum,

334 3091 377 3138 si
416 3089 507 3152 qui
544 3089 677 3137 forte
712 3088 767 3136 in
800 3086 1145 3135 Latinitatem
1184 3101 1358 3135 meam
1392 3087 1719 3150 irrepserint.

404 3173 589 3236 Neque
641 3173 966 3221 occasionem
1020 3171 1464 3233 praetermiserim
1504 3171 1712 3244 gratias
1760 3171 1965 3233 publice
2012 3171 2202 3234 agendi
2240 3170 2588 3220 Herwerdeno
2623 3171 2792 3219 amico

334 3258 399 3307 ob
438 3257 787 3306 multifariam
827 3255 1251 3305 benevolentiam
1289 3256 1343 3305 in
1381 3256 1479 3304 hoc
1501 3270 1656 3318 opere
1681 3256 2033 3318 promovendo
2061 3255 2441 3304 humanissime
2466 3255 2791 3304 collocatam.

334 3342 602 3406 Singulari
637 3341 751 3404 ejus
786 3340 1057 3389 doctrinae
1092 3340 1324 3403 plurima
1360 3354 1445 3388 me
1481 3339 1670 3388 debere
1711 3339 1873 3388 libere
1908 3344 1963 3388 et
1996 3339 2224 3388 libenter
2259 3339 2527 3388 confiteor.

400 3427 649 3475 Rationes
702 3426 912 3488 saepius
964 3419 1069 3474 nen
1121 3424 1325 3474 reddidi
1380 3426 1697 3489 lectionum,
1753 3439 1887 3488 quas
1941 3426 1995 3475 in
2046 3423 2331 3474 editionem
2385 3438 2559 3473 meam
2607 3424 2792 3488 recepi.

336 3512 482 3569 Quod
520 3525 637 3559 meo
668 3509 791 3572 jure
827 3509 962 3558 mihi
997 3509 1181 3558 fecisse
1203 3509 1405 3570 videor;
1443 3525 1548 3559 non
1576 3511 1719 3558 enim
1747 3510 1954 3558 doctam
1980 3510 2472 3572 interpretationem
2499 3509 2793 3571 scripturus

334 3596 465 3644 Novi
510 3594 837 3644 Testamenti
888 3594 984 3642 hoc
1030 3608 1162 3657 opus
1208 3609 1489 3658 aggressus
1524 3609 1675 3658 sum,
1719 3595 1807 3644 sed
1850 3599 1910 3643 ut
1945 3593 2391 3652 adolescentibus,
2439 3593 2532 3656 qui
2567 3593 2620 3641 in
2657 3591 2791 3642 Aca-

332 3680 520 3729 demiis
566 3679 759 3728 nostris
794 3679 1092 3742 theologiae
1128 3692 1339 3741 operam
1375 3679 1532 3740 dant,
1582 3679 1799 3729 tandem
1836 3678 2122 3742 aliquando
2158 3678 2317 3727 editio
2354 3681 2684 3740 suppeteret,
2731 3677 2794 3726 iis

337 3765 669 3827 potissimum
740 3763 1019 3812 destinata.
1107 3763 1255 3821 Quod
1312 3763 1663 3826 propositum,
1716 3763 1999 3812 artioribus
2049 3762 2266 3826 quidem
2320 3761 2512 3810 sinibus
2562 3762 2791 3811 circum·

332 3848 602 3911 scriptum,
623 3848 953 3911 gravioribus
972 3847 1374 3898 difficultatibus
1392 3853 1572 3897 tamen
1593 3863 1698 3897 non
1717 3848 1943 3897 carebat.
1978 3848 2119 3907 Quas
2136 3861 2383 3910 superare
2403 3851 2624 3895 conatus
2642 3861 2761 3895 sum
2779 3884 2791 3906 .,

332 3933 602 3982 interdum
630 3946 713 3980 me
739 3933 1066 3996 superavisse
1090 3947 1266 3996 spero;
1298 3947 1396 3982 nec
1420 3947 1632 3996 prorsus
1657 3933 1865 3982 inutilis
1881 3933 1997 3982 ideo
2017 3933 2102 3982 hic
2121 3932 2255 3982 liber
2273 3931 2462 3981 evadat
2479 3930 2791 3980 lectoribus!

399 4104 697 4156 Scribebam
740 4106 1009 4171 Ultrajecti
1046 4123 1091 4157 a.
1131 4108 1176 4156 d.
1217 4107 1307 4157 Vll
1347 4107 1458 4157 Kal.
1499 4106 1630 4157 Nov.
1666 4105 1814 4157 1897.
2184 4107 2225 4156 J.
2267 4106 2333 4156 M.
2369 4105 2419 4156 S.
2457 4105 2722 4155 BALJON.
