3050 4459
124 409 198 441 «les.
217 409 271 447 49,
294 410 336 440 10

187 543 239 579 21.
261 544 281 573 4

126 596 200 628 Jes.
221 596 275 630 25.
297 598 317 627 8

202 996 227 1031 1,
250 995 269 1025 4

125 1049 208 1080 Tob.
230 1049 281 1083 12.
305 1047 345 1079 15

127 1101 186 1134 Le.
208 1102 236 1139 1.
260 1102 301 1133 1⁹

196 1607 227 1643 4.
249 1607 270 1638 ὁ

182 1661 233 1698 11,
256 1661 297 1691 19

126 1775 194 1806 Ex.
214 1775 245 1812 9,
266 1774 308 1806 24

125 1829 197 1860 Jen.
218 1829 272 1865 28.
289 1828 309 1860 2

391 172 491 224 686
626 174 684 237 7,
718 174 799 224 16.
1168 169 1681 224 ΑΠΟΚΑΛΥΨΙΣ
1711 167 2070 222 ΙΩΑΝΝΟῩ

391 308 582 367 νυκτὸς
615 308 672 360 ἐν
707 316 782 374 τῷ
815 316 929 375 ναῷ
962 308 1155 371 αὐτοῦ,
1202 307 1294 359 καὶ
1329 308 1361 359 ὁ
1393 307 1701 375 καθήμενος
1734 306 1818 359 ἐπὶ
1853 314 1944 359 τοῦ
1979 308 2181 373 θρόνου
2217 306 2480 374 σκηνώσει
2514 307 2591 359 ἐπ’
2632 308 2868 367 αὐτούς.

390 396 458 447 16
491 392 555 445 οὐ
588 391 922 445 πεινάσουσιν
954 392 1027 445 ἔτι
1061 390 1188 444 οὐδὲ
1220 390 1543 459 διψήσουσιν
1575 391 1676 455 ἔτι,
1711 390 1837 444 οὐδὲ
1868 390 1945 458 μὴ
1980 390 2114 458 πέσῃ
2149 390 2227 443 ἐπ’
2266 390 2459 448 αὐτοὺς
2487 391 2520 442 ὅ
2545 391 2697 459 ἥλιος
2725 392 2872 445 οὐδὲ

390 484 496 529 πᾶν
544 484 756 543 καῦμα,
806 479 872 529 17
923 477 1002 529 ὅτι
1053 476 1112 528 τὸ
1161 476 1343 543 ἀρνίον
1392 475 1451 527 τὸ
1498 474 1599 528 α’νὰ
1642 474 1806 542 μέσον
1850 483 1943 528 τοῦ
1990 476 2191 541 θρόνου
2236 483 2485 541 ποιμανεῖ
2523 475 2726 535 αὐτοὺς
2762 478 2874 529 καὶ

389 561 636 629 ὁδηγήσει
682 560 874 619 αὐτοὺς
918 560 1003 613 ἐπὶ
1049 562 1194 628 ζωῆς
1226 559 1397 628 πηγὰς
1432 560 1660 613 ὑδάτων·
1708 559 1801 613 καὶ
1845 559 2112 627 ἐξαλείψει
2147 560 2179 611 ὁ
2211 559 2336 618 θεὸς
2368 567 2474 612 πᾶν
2505 560 2757 627 δάκρυον
2791 560 2867 614 ἐκ

392 652 500 698 τῶν
533 645 839 714 ὀφθαλμῶν
870 644 1065 698 αὐτῶν.

1552 776 1687 826 VIII.

457 950 485 1000 1
525 947 629 1000 Καὶ
663 948 788 1000 ὅταν
821 947 1029 1014 ἤνοιξεν
1062 945 1157 1014 τὴν
1190 947 1458 1014 σφραγῖδα
1496 944 1591 1013 τὴν
1623 944 1888 1013 ἑβδόμην,
1928 944 2128 1011 ἐγένετο
2164 943 2279 1011 σιγὴ
2316 943 2373 997 ἐν
2408 952 2482 1010 τῷ
2516 943 2739 1011 οὐρανῷ
2779 945 2868 1004 ὡς

392 1032 649 1099 ἡμίωρον.
700 1035 733 1084 2
782 1031 875 1084 καὶ
926 1029 1068 1083 εἶδον
1102 1029 1224 1088 τοὺς
1269 1028 1398 1082 ἑπτὰ
1445 1028 1694 1097 ἀγγέλους
1738 1030 1795 1082 οἳ
1833 1028 2062 1081 ἐνώπιον
2097 1036 2188 1081 τοῦ
2223 1029 2354 1081 θεοῦ
2389 1028 2700 1096 ἑστήκασιν,
2759 1029 2868 1082 καὶ

390 1116 658 1184 ἐδόθησαν
701 1116 878 1174 αὐτοῖς
924 1114 1052 1169 ἔπτὰ
1099 1115 1389 1182 σάλπιγγες.
1441 1116 1474 1166 3
1507 1113 1601 1166 καὶ
1635 1114 1792 1172 ἄλλος
1824 1114 2039 1180 ἅγγελος
2074 1113 2238 1181 ἦλθεν
2271 1113 2364 1167 καὶ
2396 1112 2594 1180 ἐστάθη
2629 1112 2718 1164 ἐπὶ
2759 1121 2866 1166 τοῦ

390 1201 771 1267 θυσιαστηρίου
818 1200 959 1267 ἔχων
1003 1198 1294 1267 λιβανωτὸν
1340 1205 1605 1266 χρυσοῦν,
1651 1198 1744 1251 καὶ
1788 1197 1956 1265 ἐδόθη
1992 1198 2140 1266 αὐτῷ
2174 1197 2483 1264 θυμιάματα
2515 1196 2714 1260 πολλά,
2767 1200 2864 1250 ἵνα

391 1285 539 1353 δώσῃ
591 1293 701 1343 ταῖς
750 1291 1071 1352 προσευχαῖς
1122 1290 1228 1335 τῶν
1278 1284 1443 1350 ἁγίων
1486 1282 1701 1336 πάντων
1744 1282 1829 1335 ἐπὶ
1877 1282 1935 1334 τὸ
1980 1282 2358 1350 θυσιαστήριον
2402 1282 2461 1334 τὸ
2505 1290 2748 1349 χρυσοῦν
2797 1282 2866 1335 τὸ

391 1369 617 1422 ἐνώπιον
668 1376 757 1421 τοῦ
810 1369 1028 1436 θρόνου.
1082 1372 1114 1421 4
1165 1368 1257 1420 καὶ
1308 1366 1471 1436 ἀνέβη
1517 1368 1550 1419 ὁ
1593 1367 1796 1425 καπνὸς
1841 1374 1950 1419 τῶν
1995 1367 2349 1433 θυμιαμάτων
2382 1375 2491 1425 ταῖς
2523 1375 2864 1435 προσευχαῖς

393 1461 499 1506 τῶν
531 1454 697 1521 ἁγίων
729 1453 791 1505 ἐκ
827 1453 1003 1520 χειρὸς
1037 1460 1129 1505 τοῦ
1164 1451 1381 1519 ἀγγέλου
1416 1451 1644 1504 ἐνώπιον
1679 1459 1768 1504 τοῦ
1803 1452 1952 1505 θεοῦ.
2007 1456 2039 1504 5
2072 1451 2165 1504 καὶ
2197 1451 2415 1519 εἴληφεν
2449 1451 2481 1503 ὁ
2512 1450 2730 1518 ἅγγελος
2763 1451 2864 1503 τὸν

391 1538 710 1606 λιβανωτόν,
745 1537 838 1590 καὶ
871 1536 1105 1604 ἐγέμισεν
1138 1536 1298 1589 αὐτὸν
1330 1535 1393 1588 ἐκ
1432 1544 1521 1587 τοῦ
1556 1535 1725 1602 πυρὸς
1760 1543 1852 1589 τοῦ
1888 1536 2269 1603 θυσιαστηρίου
2303 1536 2396 1588 καὶ
2430 1536 2613 1603 ἔβαλεν
2646 1535 2723 1593 εἷς
2757 1536 2863 1604 τὴν

390 1628 503 1690 γῆν·
538 1624 631 1674 καὶ
665 1620 899 1688 ἐγένοντο
931 1620 1149 1690 βρονταὶ
1184 1620 1276 1674 καὶ
1311 1620 1490 1688 φωναὶ
1525 1620 1619 1673 καί
1653 1620 1913 1688 ἀστραπαὶ
1947 1620 2039 1672 καὶ
2074 1621 2301 1687 σεισμός.

458 1709 491 1760 6
541 1706 648 1759 Καὶ
698 1707 754 1758 οἵ
798 1704 927 1758 ἑπτὰ
976 1705 1182 1774 ἄγγελοι
1230 1706 1286 1757 οῖ
1327 1705 1534 1773 ἔχοντες
1581 1704 1670 1763 τὰς
1715 1704 1843 1757 ἑπτὰ
1889 1704 2171 1772 σάλπιγγας
2206 1704 2498 1772 ἡτοίμασαν
2530 1703 2726 1762 αὐτοὺς
2766 1706 2860 1758 ἵνα

390 1791 728 1844 σαλπίσωσιν.
783 1795 811 1844 7
859 1790 964 1843 Καὶ
1011 1790 1043 1842 ό
1073 1796 1285 1857 πρῶτος
1318 1789 1608 1842 ἐσάλπισεν·
1663 1789 1756 1842 καὶ
1788 1788 1989 1856 ἐγένετο
2022 1788 2225 1857 χάλαζα
2260 1788 2352 1841 καὶ
2384 1796 2493 1855 πῦρ
2525 1788 2865 1856 μεμιγμένον

392 1875 449 1927 ἐν
492 1877 669 1942 αἵματι
715 1874 807 1928 καί
841 1874 1045 1944 ἐβλήθη
1080 1876 1155 1933 εἰς
1190 1876 1285 1942 τὴν
1317 1881 1430 1941 γῆν·
1468 1873 1561 1926 καὶ
1597 1872 1653 1926 τὸ
1688 1874 1860 1940 τρίτον
1894 1880 1986 1940 τῆς
2021 1881 2116 1940 γῆς
2150 1872 2418 1940 κατεκάη,
2451 1872 2544 1926 καὶ
2581 1871 2638 1924 τὸ
2674 1874 2863 1941 τρίτον

393 1966 499 2011 τῶν
532 1960 770 2027 δένδρων
803 1959 1069 2026 κατεκάη,
1104 1958 1196 2012 καὶ
1228 1965 1331 2017 πᾶς
1364 1959 1555 2027 χόρτος
1588 1957 1798 2026 χλωρὸς
1832 1957 2088 2025 κατεκάη.

392 2156 474 2205 15.
525 2172 609 2203 επι
657 2171 750 2204 του
796 2151 998 2217 θρονου
1045 2168 1167 2203 cum
1217 2153 1316 2216 κΑ,
1360 2153 1410 2214 1,
1457 2151 1539 2215 28,
1573 2150 1655 2216 29,
1690 2152 1769 2216 35,
1805 2150 1887 2214 36,
1921 2150 2073 2216 49**,
2107 2151 2188 2215 87,
2222 2151 2306 2216 92,
2340 2152 2583 2202 Andomn.
2646 2168 2733 2201 επι
2771 2170 2854 2202 τω

526 2226 712 2292 θρονω
747 2245 870 2279 cum
905 2229 999 2286 ΡΟ
1031 2236 1309 2292 syngwytm
1343 2229 1463 2278 Are.

394 2304 474 2354 16.
525 2302 650 2353 ουδε
684 2302 799 2368 διψ.
835 2319 958 2353 cum
998 2303 1039 2361 Q
1072 2304 1330 2352 Andpmn.
1362 2304 1481 2353 Are.
1548 2299 1674 2351 ουδε
1706 2318 1781 2366 μη
1818 2300 1934 2366 διψ.
1970 2317 2094 2352 cum
2128 2301 2193 2365 A,
2226 2302 2310 2365 14,
2345 2301 2426 2353 92.
2459 2328 2526 2337 -
2554 2303 2853 2367 Syn-mnu

526 2381 728 2429 omittit
764 2380 842 2429 bis
873 2395 963 2426 ετι.
999 2404 1065 2412 —
1099 2374 1227 2427 ουδε
1258 2394 1335 2441 μη
1370 2394 1503 2441 πεση
1541 2394 1664 2428 cum
1698 2378 1843 2431 κΑΡ.
1913 2375 2011 2427 ουδ
2047 2394 2110 2427 ου
2143 2395 2219 2442 μη
2254 2395 2335 2429 πε.
2372 2393 2495 2430 cum
2534 2379 2592 2436 Q.

394 2455 475 2506 17.
526 2471 768 2518 ποιμανει
816 2470 937 2505 eum
984 2454 1179 2511 ΝΑΡΟ,
1224 2453 1272 2517 1,
1308 2469 1389 2517 vg.
1426 2470 1532 2518 syr.
1568 2470 1698 2504 arm.
1733 2456 1874 2504 aeth.
1913 2455 2072 2504 Prim.
2138 2468 2403 2515 ποιμαινει
2438 2467 2562 2503 cum
2595 2452 2645 2515 2,
2679 2452 2729 2516 4,
2764 2453 2853 2517 13,

527 2529 608 2593 29,
660 2530 740 2594 31,
791 2534 926 2593 copt-
973 2530 1148 2578 Andsz.
1233 2526 1479 2594 οδηγησει
1526 2546 1651 2579 eum
1697 2529 1892 2587 κΑΡΟ.
1971 2526 2150 2592 οδηγει
2184 2543 2306 2578 cum
2341 2529 2389 2590 2,
2424 2527 2471 2578 4.
2540 2524 2688 2592 ζωης
2722 2543 2851 2580 cum

527 2606 706 2663 &APQ
749 2620 832 2669 vg.
877 2630 944 2638 —
989 2602 1166 2661 ζωσας
1213 2620 1336 2654 cum
1381 2604 1431 2668 1,
1477 2605 1559 2668 38,
1603 2604 1682 2669 79,
1717 2611 1851 2668 copt.
1887 2620 1992 2668 syr.
2027 2630 2094 2638 -—
2129 2604 2418 2668 Syng'wynss
2451 2619 2536 2652 επι
2571 2602 2721 2667 ζωην
2753 2621 2852 2655 και

526 2696 609 2729 επι
641 2696 812 2743 πηγας
846 2678 1059 2729 υδατων
1093 2687 1149 2729 et
1181 2681 1382 2730 omittit
1414 2695 1445 2728 ο
1479 2678 1622 2735 θεος.
1645 2706 1713 2715 -
1735 2696 1797 2728 εκ
1835 2695 1942 2728 των
1976 2695 2099 2730 eum
2132 2678 2335 2741 ACPQ,
2363 2677 2408 2742 7,
2432 2693 2538 2729 am.
2557 2679 2630 2728 fu.
2650 2681 2851 2732 demid.

527 2772 633 2805 απο
667 2772 774 2805 των
807 2771 929 2806 cum
965 2768 1015 2819 κ,
1046 2755 1129 2819 28,
1163 2754 1332 2819 vg.010·
1365 2757 1505 2820 lipss.
1542 2757 1624 2817 (hi
1655 2754 1751 2816 ab)
1784 2761 1918 2818 copt.

395 2833 540 2883 VIII:
590 2833 639 2882 1.
692 2848 817 2880 οταν
866 2847 989 2882 cum
1040 2832 1134 2880 AC
1160 2846 1205 2881 :z
1241 2846 1417 2894 supra,
1464 2832 1496 2880 i.
1533 2846 1578 2880 e.
1620 2829 1750 2893 621,
1785 2830 1834 2894 3,
1868 2830 1914 2893 5,
1951 2829 1998 2893 7,
2031 2829 2080 2892 9,
2113 2830 2180 2880 12
2214 2846 2298 2877 ote
2332 2828 2540 2895 ηνοιξεν
2574 2846 2849 2895 nusquam

530 2909 769 2957 fluctuat.
837 2923 921 2956 οτε
955 2922 1079 2956 cum
1115 2907 1257 2964 ⁸1³0.
1328 2922 1573 2970 ημιωρον
1606 2921 1731 2955 cum
1764 2906 1872 2969 AC,
1906 2905 1989 2968 91,
2023 2903 2105 2954 97.
2174 2920 2438 2968 ημιωριον
2471 2920 2594 2954 cum
2630 2905 2777 2963 xPQ.

425 2984 474 3033 2.
525 2980 822 3047 εδοθησαν.·
867 2984 931 3047 Α,
978 2982 1058 3046 35,
1104 2981 1187 3046 87,
1231 2982 1314 3047 93,
1358 2981 1440 3047 95,
1486 2981 1554 3031 96
1598 2979 1781 3045 εδοθη.
1822 3008 1889 3016 -
1922 2981 2229 3044 Syr.8wyss11‚
2267 2995 2316 3045 g,
2351 2979 2417 3030 38
2451 2982 2640 3045 legunt
2670 2996 2848 3046 ειστη-

527 3074 709 3107 κεισαν
744 3074 834 3122 pro
867 3074 1163 3121 εστηκασιν.

427 3133 474 3184 3.
527 3135 816 3199 Syngwyssss
847 3134 1048 3183 omittit
1079 3130 1308 3197 αγγελος.
1343 3160 1411 3168 -
1444 3150 1528 3181 επι
1563 3149 1655 3182 του
1689 3129 2070 3195 θυσιαστηριου
2106 3146 2230 3181 cum
2265 3130 2389 3188 xCQ
2421 3130 2538 3192 (του
2576 3129 2849 3193 -ριον).-

526 3226 609 3259 επι
645 3227 703 3258 το
736 3207 1113 3272 θυσιαστηριον
1146 3224 1265 3258 cum
1304 3209 1416 3272 ΑΡ,
1450 3208 1498 3273 1,
1533 3207 1615 3272 36,
1650 3207 1731 3258 49.
1808 3224 1891 3256 ινα
1926 3205 2087 3257 δωσει
2121 3222 2244 3256 cum
2279 3206 2420 3267 ⁸110,
2453 3206 2501 3256 1.
2571 3222 2654 3256 ινα
2688 3204 2845 3273 δωση

527 3301 650 3336 eum
695 3285 801 3343 ΡΩ.
846 3311 912 3319 -
958 3284 1006 3348 6,
1040 3284 1089 3349 9,
1123 3284 1204 3349 14,
1237 3283 1306 3333 56
1338 3301 1421 3333 ινα
1455 3282 1554 3334 δω.
1591 3311 1657 3319 —
1692 3284 1980 3347 Syngwyssn
2015 3283 2217 3333 omittit
2248 3299 2333 3331 ινα
2364 3280 2515 3346 δωση
2551 3283 2634 3333 vel
2668 3280 2751 3332 δω
2788 3292 2849 3334 et

527 3379 585 3411 το
618 3377 867 3425 χρυσουν.

425 3438 473 3488 5.
525 3454 613 3486 τον
645 3434 938 3501 λιβανωτον
971 3441 1026 3485 et
1058 3452 1218 3486 αυτον
1253 3450 1377 3487 cum
1412 3434 1485 3488 &A
1498 3434 1605 3491 PQ.
1673 3450 1731 3482 το
1764 3429 2057 3497 λιβανωτον
2092 3438 2148 3483 et
2178 3448 2308 3481 αυτο
2335 3447 2458 3482 cum
2477 3431 2535 3495 ⁴7,
2560 3430 2642 3495 33,
2666 3430 2749 3484 34.
2775 3460 2846 3470 ——

527 3514 817 3578 Syp,gwynn
868 3529 959 3561 του
1010 3528 1094 3560 εστι
1144 3527 1237 3559 του
1289 3508 1686 3573 θυσιαστηριου.
1732 3535 1798 3542 -
1840 3507 2057 3573 βρονται
2101 3524 2191 3557 και
2240 3523 2418 3571 φωναι
2453 3523 2546 3556 και
2579 3523 2844 3570 αστραπαι

526 3607 648 3641 cum
702 3590 796 3653 κζ),
847 3589 896 3653 6,
946 3591 994 3652 8,
1045 3588 1126 3651 14,
1176 3587 1257 3651 29,
1310 3586 1392 3651 31,
1435 3586 1516 3650 35,
1563 3584 1646 3648 87,
1693 3600 1772 3649 vg.
1818 3610 1885 3618 —
1929 3584 1994 3647 A,
2029 3583 2110 3647 16,
2144 3582 2227 3645 38,
2261 3589 2396 3646 copt.
2432 3598 2538 3647 syr.
2571 3580 2751 3647 βροντ.
2787 3600 2844 3635 κ.

525 3682 745 3728 αστραπ.
782 3681 835 3714 κ.
871 3680 1066 3728 φωναι.
1102 3688 1170 3697 —·
1203 3680 1380 3727 φωναι
1417 3679 1508 3711 και
1541 3658 1758 3725 βρονται
1793 3677 1886 3710 και
1920 3676 2179 3722 αστραπαι
2215 3674 2338 3710 cum
2375 3659 2439 3723 Ρ,
2473 3657 2521 3709 1.

425 3741 473 3792 6.
526 3759 577 3791 οι
639 3747 761 3791 ante
818 3756 1024 3804 εχοντες
1077 3755 1199 3789 cum
1250 3739 1409 3803 APQ,
1460 3738 1511 3801 1,
1561 3738 1809 3787 And.acp
1860 3737 1977 3785 Are.
2047 3735 2319 3786 omittunt
2368 3747 2416 3799 κ,
2467 3733 2551 3799 36,
2601 3733 2849 3784 And.bav·

527 3833 719 3871 αυτους
754 3832 877 3865 cum
912 3814 1046 3867 nm.
1114 3831 1334 3869 εαυτους
1368 3830 1491 3864 eum
1525 3812 1681 3869 &CPQ
1714 3820 2007 3875 syngwynn,

428 3892 474 3943 7.
527 3909 557 3940 ο
590 3908 801 3953 πρωτος
836 3892 949 3941 sine
983 3892 1346 3941 additamento
1380 3904 1502 3939 cum
1540 3886 1718 3944 &APQ
1753 3885 1922 3938 harh*
1959 3889 2044 3936 tol.
2080 3902 2185 3949 syr.
2216 3887 2333 3936 Are.
2386 3886 2604 3935 Addunt
2626 3883 2843 3949 αγγελος

526 3969 577 4031 1,
627 3968 710 4030 28,
761 3967 844 4030 36,
895 3966 975 4029 38,
1028 3966 1109 4029 79,
1158 3965 1239 4028 98,
1288 3980 1368 4029 vg.
1414 3990 1481 3999 —-
1524 3978 1844 4025 μεμιγμενον
1889 3979 2009 4013 cum
2057 3963 2154 4024 ⁸1³,
2198 3962 2282 4026 12,
2315 3962 2398 4025 37,
2431 3960 2513 4026 38,
2549 3961 2633 4026 46,
2669 3970 2846 4027 vg.1¹18·

528 4045 690 4107 (apud
738 4042 1044 4104 GrIesbach)
1091 4044 1256 4092 Auem)
1307 4038 1479 4091 gtbav.
1514 4047 1872 4102 anonym.¹²u8·
1949 4054 2238 4103 μεμιγμενα
2274 4054 2398 4089 cum
2433 4038 2528 4096 ΑΟ
2561 4046 2844 4101 Syrgwynn
