3050 4459
1017 203 1354 256 ΠΡΑΞΕΙΣ
1386 203 1873 258 ΑΠΟΣΤΟΛΩΝ
2227 206 2320 268 16,
2353 205 2435 261 37,
2571 207 2663 257 381

212 319 328 395 τὸν,
356 341 603 405 Παῦλον,
654 342 731 393 ὅτι
782 340 1115 394 ἀπέσταλκαν
1165 342 1221 393 οἰ
1266 341 1544 409 στρατηγοὶ
1597 344 1680 395 ἵνα
1730 342 2051 409 ἀπολυθῆτε·
2095 349 2189 394 νῦν
2233 341 2330 395 οὖν
2372 342 2673 406 ἐξελθόντες

209 427 509 494 πορεύεσθε
555 424 611 478 ἕν
655 426 856 494 εἰρήνῃ.
909 428 973 478 37
1015 426 1048 476 ὁ
1079 424 1139 477 δὲ
1172 426 1390 484 Παῦλος
1424 426 1531 494 ἔφη
1564 426 1700 492 πρὸς
1733 426 1940 485 αὐτούς·
1975 428 2239 495 δείραντες
2273 428 2412 497 ἡμᾶς
2446 430 2674 497 δημοσίᾳ

209 511 632 577 ἀκατακρίτους,
679 509 1003 577 ἀνθρώπους
1042 511 1341 577 Ῥωμαίους
1387 510 1749 580 ὑπάρχοντας,
1796 512 1990 580 ἔβαλαν
2022 513 2096 571 εἷς
2131 512 2407 581 φυλακήν,
2455 513 2548 566 καὶ
2581 520 2676 568 νῦν

209 594 391 662 λάθρᾳ
456 594 595 662 ἡμᾶς
657 594 1036 663 ἔκβάλλουσιν,·
1097 594 1162 646 οὐ
1212 595 1342 663 γάρ,
1399 594 1531 648 ἀλλὰ
1581 594 1824 654 ἐλθόντες
1874 595 2024 649 αὐτοὶ
2075 596 2214 663 ἡμᾶς
2264 597 2674 664 ἐξαγαγέτωσαν.

212 681 282 732 88
327 678 643 747 ἀπήγγειλαν
677 677 736 731 δὲ
771 687 878 737 τοῖς
912 686 1218 747 στρατηγοῖς
1251 680 1305 730 οἱ
1334 679 1630 747 ῥαβδοῦχοι
1671 678 1732 731 τὰ
1766 678 1977 747 ῥήματα
2014 688 2191 734 ταῦτα·
2228 681 2584 750 ἐφοβήθησαν
2617 680 2676 735 δὲ

211 763 540 821 ἀκούσαντες
579 764 657 815 ὅτι
687 764 947 829 Ῥωμαῖοί
977 763 1135 827 εἰσιν,
1187 765 1255 816 39
1288 763 1381 817 καὶ
1414 763 1659 822 ἐλθόντες
1691 763 2060 831 παρεκάλεσαν
2095 765 2316 829 αὐτούς,
2362 766 2454 819 καὶ
2488 766 2675 832 ἐξαγα-

213 848 392 918 γόντες
442 846 672 915 ἠρώτων
721 847 972 900 ἀπελθεῖν
1019 847 1126 900 ἀπὸ
1172 854 1263 915 τῆς
1308 848 1532 906 πόλεως.
1586 850 1653 902 40
1698 847 2001 910 ἐξελθόντες
2047 848 2107 901 δὲ
2150 849 2255 903 ἀπὸ
2305 857 2395 918 τῆς
2430 850 2676 918 φυλακῆς

213 932 468 1000 εἰσῆλθον
500 932 635 999 πρὸς
669 932 764 999 τὴν
798 933 1031 996 Λυδίαν,
1066 932 1159 985 καὶ
1194 933 1390 990 ἰδόντες
1423 932 1790 999 παρεκάλεσαν
1827 933 1948 992 τοὺς
1978 934 2271 1002 ἀδελφούς,
2307 934 2399 988 καὶ
2428 934 2678 1002 ἐξῆλθαν.

1368 1155 1525 1206 xvu.

287 1346 314 1395 1
353 1341 724 1399 Διοὸεύσαντες
758 1340 817 1394 δὲ
851 1342 945 1409 τὴν
973 1340 1282 1408 Ἀμφίπολιν
1316 1341 1407 1394 καὶ
1434 1340 1528 1409 τὴν
1550 1342 1924 1405 Ἀπολλωνίαν,
1956 1341 2123 1409 ἦλθον
2152 1343 2226 1400 εἰς
2256 1342 2679 1410 Θεσσαλονίκην,

217 1429 357 1480 ὅπου
412 1427 476 1495 ἦν
526 1425 806 1494 συναγωγὴ
860 1432 967 1478 τῶν
1012 1426 1304 1479 Ἰουδαίων.
1355 1431 1388 1480 2
1434 1426 1572 1479 κατὰ
1618 1425 1677 1479 δὲ
1721 1426 1778 1478 τὸ
1823 1426 2021 1484 εἰωθὸς
2068 1434 2143 1492 τῷ
2189 1427 2394 1494 Παύλῳ
2433 1427 2680 1495 εἰσῆλθεν

220 1666 307 1718 36.
352 1668 403 1716 Ι)
436 1683 525 1715 και
561 1662 818 1714 εισελθων
851 1681 882 1714 ο
917 1663 1066 1728 δεσμ.
1104 1681 1290 1729 απηγγ.
1327 1663 1557 1727 (syr.⁸0h·
1588 1671 1643 1715 et
1676 1681 1797 1715 cum
1825 1666 2113 1715 audivisset
2139 1666 2434 1728 praefectus
2457 1670 2681 1717 carceris

359 1744 627 1806 ingressus
663 1741 834 1804 dixit).
869 1766 937 1775 —·
975 1756 1031 1788 εν
1065 1757 1247 1803 ειρηνη
1283 1742 1545 1790 omittunt
1578 1741 1640 1804 D,
1676 1740 1791 1805 Gig.
1861 1756 1902 1789 τ.
1937 1737 2046 1805 λογ.
2084 1756 2300 1795 τουτους
2334 1756 2457 1791 cum
2492 1743 2680 1795 κΑΕΙΙ

359 1819 453 1868 LP
500 1823 601 1868 cat.
651 1818 698 1881 d,
748 1832 827 1880 vg.
875 1816 988 1865 sah.
1035 1820 1169 1878 copt.
1214 1823 1368 1879 sym).
1432 1815 1704 1866 Omittunt
1741 1832 1956 1872 τουτους
1989 1817 2214 1872 Bonam,
2256 1816 2332 1880 15,
2365 1816 2446 1880 18,
2481 1817 2562 1882 36,
2599 1819 2679 1883 76,

359 1894 474 1957 180,
510 1903 646 1956 ason,
681 1889 904 1943 arm.vid·
969 1887 1302 1941 απεσταλκαν
1335 1907 1457 1941 cum
1494 1891 1640 1944 κΑΒ.
1668 1918 1733 1927 -
1765 1893 1817 1954 C,
1852 1891 1934 1953 61,
1968 1890 2232 1957 Thphyl.b
2271 1890 2587 1943 απεστειλαν.
2615 1921 2680 1929 -

359 1966 745 2019 απεοταλκασιν
778 1983 900 2018 cum
936 1966 1199 2017 DEHLP.

222 2045 307 2096 37.
358 2047 407 2095 Ι)
453 2047 582 2110 legit
626 2051 744 2108 post
785 2059 918 2107 προς
964 2057 1183 2094 αυτουςε
1233 2058 1494 2096 αναιτιους
1541 2039 1804 2105 δειραντες
1839 2059 1978 2105 ημας
2013 2040 2243 2107 δημοσια
2278 2061 2683 2109 ακατακριτους,

361 2119 684 2185 ανθρωπους
719 2118 831 2169 κτλ.
868 2146 935 2155 -
968 2115 1345 2183 εκβαλλουσινι
1382 2119 1560 2169 Nabar
1591 2114 1909 2181 εκβαλουσιν
1943 2119 2329 2184 (Mnemosyne,
2346 2120 2495 2184 1878,
2515 2138 2560 2185 p.
2579 2120 2684 2180 89).

225 2198 311 2250 38.
361 2193 677 2263 απηγγειλαν
704 2213 827 2248 cum
847 2195 1094 2258 xABDE,
1111 2194 1193 2246 61.
1261 2211 1439 2258 ανηγγ.
1459 2209 1584 2244 cum
1605 2194 1764 2243 HLP.
1835 2211 1887 2242 τε
1905 2210 2025 2244 eum
2047 2195 2198 2247 κΕεΐ·
2222 2195 2426 2259 syr.80h·
2452 2197 2688 2246 aeth.utr·

362 2274 419 2324 δε
466 2290 588 2325 cum
637 2271 933 2323 ABDHLP
978 2286 1060 2335 vg.
1107 2286 1237 2320 arm.
1313 2266 1550 2334 εφοβηθ.
1586 2267 1645 2319 δε
1679 2285 1802 2320 eum
1838 2271 1986 2335 xAB,
2020 2270 2102 2335 15,
2135 2270 2218 2334 18,
2252 2271 2337 2333 31,
2369 2272 2453 2335 40,
2486 2272 2568 2336 61,
2603 2272 2685 2336 69,

363 2357 464 2402 cat.
510 2357 644 2415 eopt.
725 2365 815 2397 και
863 2344 1020 2412 εφοβ.
1063 2362 1185 2396 cum
1222 2345 1418 2394 EllLl’
1451 2360 1534 2408 vg.
1567 2343 2027 2408 (timueruntque)
2061 2347 2173 2396 sah.
2210 2349 2409 2411 synatr-
2442 2351 2584 2399 aeth.
2619 2375 2686 2384 —

363 2428 417 2477 F.
455 2428 513 2477 R.
547 2422 862 2490 απηγγειλαν
906 2419 965 2472 δε
1011 2438 1060 2470 οι
1104 2417 1397 2485 ραβδουχοι
1435 2416 1526 2484 [τα
1561 2436 1771 2483 ρηματα
1807 2419 1997 2485 ταυτα]
2035 2439 2097 2470 τα
2131 2418 2364 2486 ρηθεντα
2395 2441 2530 2487 προς
2564 2441 2687 2479 τους

364 2516 698 2567 στρατηγονς·
735 2517 784 2550 οι
819 2496 877 2548 δε
912 2513 1232 2551 ακουσαντες
1265 2513 1342 2545 οτι
1378 2494 1624 2558 Ρωμαιοι
1655 2512 1785 2545 εισιν
1818 2493 2187 2561 εφοβηθησαν.

228 2578 313 2628 39.
368 2579 414 2627 1)
474 2594 566 2626 και
614 2589 1029 2640 παραγενόμενοι
1078 2588 1211 2635 μετα
1262 2569 1438 2636 φιλων
1485 2568 1700 2621 πολλων
1749 2589 1824 2626 εις
1876 2589 1969 2636 την
2020 2569 2270 2636 φυλακην
2319 2570 2688 2635 παρεκαλεσαν

367 2669 558 2707 αυτους
602 2648 836 2710 εξελθειν
880 2662 1123 2702 ειποντες·
1162 2645 1518 2712 Ηγνοησαμεν
1553 2664 1614 2696 τα
1648 2645 1764 2696 καθ
1799 2663 1954 2710 υμας,
1988 2664 2066 2696 οτι
2101 2664 2215 2696 εστε
2248 2645 2437 2710 ανδρες
2473 2645 2687 2708 δικαιοι,

365 2744 455 2777 και
502 2726 835 2790 εξαγαγοντες
876 2721 1245 2788 παρεκαλεσαν
1290 2739 1484 2777 αυτους
1527 2719 1776 2786 λεγοντες·
1831 2719 1915 2772 Εκ
1953 2740 2045 2786 της
2078 2720 2285 2777 πολεως
2323 2739 2512 2787 ταυτης
2544 2721 2685 2782 seez-

366 2801 512 2866 θατε,
554 2817 759 2866 μηποτε
801 2798 956 2851 παλιν
1001 2815 1408 2863 συνστραῳωσιν
1453 2815 1580 2862 ημιν
1624 2797 1993 2861 επικραζοντες
2039 2796 2154 2848 καθ
2189 2814 2361 2861 υμων.
2408 2798 2570 2863 (sym)
2608 2798 2686 2852 θ’.

366 2878 465 2928 137
514 2885 630 2942 post
673 2875 869 2927 δικαιοι
918 2883 1171 2939 pergunt:
1218 2891 1309 2924 και
1355 2890 1418 2923 εκ
1466 2890 1658 2938 ταυτης
1692 2891 1785 2938 της
1817 2871 2023 2929 πόλεως
2057 2871 2313 2934 εξελθετε,
2346 2891 2542 2938 μηπως
2575 2892 2686 2924 επι-

365 2970 645 3020 στραφωσι
688 2951 844 3003 παλιν
890 2968 940 3001 οι
977 2949 1353 3013 επικραξαντες
1387 2947 1504 2999 καθ
1538 2949 1731 3012 υμων).
1766 2976 1832 2985 -
1866 2947 2116 3000 ane-ww
2149 2967 2271 3001 cum
2307 2952 2381 3003 &A
2395 2952 2457 3014 Β,
2490 2950 2572 3014 13,
2605 2951 2688 3012 15,

366 3030 447 3094 18,
494 3029 575 3092 36,
624 3029 706 3092 4-0,
752 3027 834 3086 61,
881 3027 964 3090 65,
1009 3025 1092 3088 68,
1136 3024 1220 3089 69,
1266 3025 1381 3089 105,
1428 3025 1544 3088 133,
1580 3024 1696 3086 180,
1730 3033 1829 3076 eat.
1865 3041 1996 3075 arm.
2065 3022 2299 3084 εξελθειν
2333 3042 2457 3076 cum
2492 3027 2690 3076 EIILI'

368 3122 447 3171 vg.
493 3105 564 3168 (e,
611 3121 691 3168 vg.
738 3102 925 3162 exire).
1005 3117 1111 3150 απο
1155 3118 1199 3150 τ.
1245 3097 1362 3149 πολ.
1411 3117 1535 3150 cum
1582 3101 1733 3162 ⁸AB,
1776 3100 1859 3164 13,
1904 3100 1986 3165 15,
2027 3099 2109 3162 18,
2142 3101 2226 3164 36,
2260 3100 2341 3165 40,
2375 3101 2456 3164 61,
2491 3101 2572 3165 68,
2607 3102 2688 3164 69,

370 3181 484 3244 105,
515 3179 632 3244 133,
667 3178 783 3240 180,
816 3183 917 3228 cat.
953 3204 1017 3212 —
1053 3177 1103 3227 E
1135 3193 1197 3225 εκ
1237 3194 1276 3227 τ.
1311 3172 1429 3225 πολ.
1465 3202 1533 3210 -
1567 3192 1658 3239 της
1690 3173 1898 3231 πολεως
1931 3193 2056 3227 cum
2091 3177 2253 3226 HLP.

234 3258 317 3308 40.
367 3273 472 3306 απο
518 3273 609 3320 της
657 3251 858 3319 φυλακ.
906 3268 1029 3303 cum
1077 3253 1176 3314 κΒ,
1220 3252 1302 3316 38,
1350 3251 1431 3315 40,
1465 3251 1548 3310 68,
1583 3251 1664 3314 69,
1699 3251 1814 3316 105,
1850 3261 1987 3316 afim,
2021 3256 2163 3317 hoen,
2199 3252 2476 3317 Thphyl.b.
2543 3270 2606 3302 εκ
2645 3271 2687 3301 τ.

369 3328 494 3395 φυλ.
531 3346 654 3381 cum
690 3329 989 3379 ADEIILP
1021 3326 1199 3378 cat.279
1232 3326 1481 3378 Chr-‚92³05
1513 3328 1785 3391 Thphylsz.
1854 3345 1988 3392 προς
2024 3345 2145 3380 cum
2180 3329 2575 3392 RABDEHLP,
2608 3329 2689 3380 61.

368 3424 441 3461 εις
487 3421 609 3456 eum
658 3405 972 3455 minusculis
1012 3405 1207 3467 paucis.
1287 3400 1445 3452 ιδοντ.
1477 3399 1735 3466 παρεκαλ.
1773 3420 1894 3458 τους
1928 3400 2115 3468 αδελφ.
2151 3419 2276 3454 cum
2311 3405 2460 3467 κΑΒ,
2493 3404 2574 3468 13,
2609 3405 2691 3468 40,

367 3481 450 3545 61,
498 3487 632 3544 copt.
712 3477 872 3528 ιδοντ.
918 3495 1038 3533 τους
1085 3475 1349 3543 αδελφους
1394 3475 1653 3542 παρεκαλ.
1701 3494 1891 3533 αυτους
1935 3495 2057 3529 cum
2091 3480 2290 3530 EHLI'
2323 3488 2421 3530 cat.
2458 3493 2542 3544 vg.
2578 3482 2690 3531 sah.

370 3557 568 3622 synutr·
601 3571 731 3606 arm.
767 3556 909 3605 aeth.
976 3552 1209 3618 εξηλθαν
1243 3570 1365 3604 cum
1401 3555 1499 3607 κΙ).
1568 3550 1797 3617 εξηλθον
1831 3571 1954 3605 cum
1990 3554 2299 3605 ABEHLP.
2325 3580 2391 3589 —
2414 3557 2465 3605 D
2495 3554 2692 3611 ιὸοντες

372 3649 491 3686 τους
526 3628 792 3695 αδελῳοι·ς
827 3628 1142 3694 διηγησαπο
1176 3647 1273 3679 οσα
1307 3645 1550 3693 εποιησεν
1584 3646 1770 3692 κυριος
1794 3647 1990 3691 αυτοις,
2021 3628 2478 3693 παρακαλεσαντες
2501 3648 2693 3684 αυτους

371 3725 463 3758 και
497 3704 745 3770 εξηλθαν.

239 3785 409 3836 xvll:
444 3784 492 3834 1.
548 3799 640 3847 την
684 3779 1017 3832 απολλωνιαν
1063 3796 1185 3831 cum
1233 3780 1431 3843 κΑΒΕ,
1465 3779 1547 3842 13,
1582 3779 1665 3844 32,
1700 3780 1781 3842 40,
1816 3781 1899 3844 61,
1932 3780 2015 3845 68,
2049 3783 2165 3845 105,
2199 3781 2314 3845 180,
2349 3793 2486 3848 ason,
2520 3785 2697 3835 catffi‘.»

372 3860 485 3920 (sed
534 3860 583 3909 E
626 3876 719 3922 την
765 3854 1026 3908 απολλων.
1073 3873 1165 3906 και
1212 3873 1306 3920 την
1351 3855 1588 3918 apansa).
1655 3854 1928 3906 Omittunt
1961 3873 2055 3920 την
2089 3857 2346 3920 (D)HLP.
2416 3876 2693 3925 ovvaycoyry

370 3951 495 3986 cum
544 3935 741 3998 ⁸:131),
795 3933 878 3996 13,
923 3933 1004 3996 40,
1049 3933 1132 3996 61,
1176 3932 1293 3995 180,
1328 3929 1519 3994 mlum,
1551 3936 1649 3980 cat.
1686 3932 1798 3981 sah.
1834 3938 1966 3995 copt.
2003 3948 2133 3983 arm.
2204 3950 2236 3997 η
2274 3949 2533 3999 συναγωγ.
2572 3953 2694 3986 cum

372 4010 570 4060 EHLP
616 4006 886 4060 arm.0⁰d·1.
920 4034 987 4043 —
1024 4009 1076 4058 F.
1114 4008 1173 4057 R.
1220 4007 1350 4070 legit
1396 4012 1511 4069 post
1545 4002 1885 4070 Αμφιπολινε
1937 4005 2210 4072 κατηλθον
2241 4025 2316 4063 εις
2351 4006 2698 4060 Απολλωνιαν

372 4081 629 4134 κακειθεν
662 4101 735 4138 εις
777 4081 1170 4147 Θεσσαλονικην
1203 4079 1316 4131 κτλ.

2775 868 2824 904 m,
2851 868 2888 898 u
