3050 4459
1254 877 1534 929 CODICES
1571 878 1633 928 N.
1669 880 1724 929 T.

1348 1081 1630 1119 excuties,

252 1255 290 1294 κ
328 1257 389 1285 =
426 1241 593 1291 codex
652 1239 963 1303 SinaiticuS,
1024 1255 1189 1305 quern
1248 1241 1598 1293 Tischendorf
1641 1241 1776 1292 1859
1826 1244 1882 1292 in
1934 1245 2252 1294 monasterio
2304 1245 2354 1295 S.
2401 1246 2717 1299 Catharinae

322 1325 586 1377 Sinaitica
620 1326 837 1375 detexit.
890 1325 1108 1374 Praeter
1144 1327 1342 1376 multos
1376 1327 1521 1377 Vetr.
1556 1328 1693 1377 Test.
1730 1328 1892 1377 libros
1921 1327 2128 1377 Novum
2159 1328 2561 1383 Testamentum
2592 1349 2717 1384 con-

322 1412 469 1460 tinet
502 1415 706 1472 totum,
760 1410 911 1459 nulla
946 1411 1136 1459 lacuna
1170 1410 1556 1474 deformatum,
1604 1418 1795 1462 autum
1833 1398 1966 1461 vero‘
1991 1414 2155 1462 etiam
2192 1415 2414 1476 epistola
2449 1417 2718 1468 Barnabae

324 1510 393 1544 ac
452 1496 624 1557 priore
688 1494 915 1543 Pastoris
980 1499 1146 1556 parte.
1213 1494 1454 1545 Fortasse
1517 1498 1727 1546 saeculo
1786 1503 1980 1560 quarto
2029 1512 2199 1561 eoque
2252 1498 2362 1548 fere
2413 1502 2586 1551 medio
2637 1506 2716 1553 vel

324 1580 551 1628 ineunte
585 1580 796 1628 saeculo
829 1579 1020 1641 quinto
1054 1579 1309 1642 scriptum
1345 1594 1459 1628 esse
1496 1580 1720 1630 videtur.
1775 1581 1835 1630 ln
1871 1589 2126 1644 apparatu
2162 1584 2342 1633 critico
2376 1583 2464 1645 8³⁸,
2501 1586 2584 1635 B*
2618 1595 2717 1637 ete.

326 1663 635 1727 significant
680 1663 902 1726 primam
951 1676 1174 1712 manum
1218 1662 1456 1713 codicum
1492 1675 1544 1724 κ,
1579 1664 1630 1713 Β
1661 1669 1761 1714 etc.
1817 1665 1889 1713 De
1927 1664 1989 1713 N.
2024 1665 2079 1714 T.
2116 1668 2497 1718 correctoribus
2530 1673 2720 1720 statuit

324 1746 758 1796 Tischendorstus
792 1747 947 1797 haec:

253 1840 323 1884 *Β
361 1837 543 1881 aetate
576 1833 661 1880 vix
695 1832 905 1881 differre
939 1832 1005 1881 ab
1041 1832 1152 1894 ipso
1185 1833 1452 1894 scriptore.

254 1915 326 1969 ab
366 1918 565 1967 saeculi
600 1918 711 1966 fere
745 1918 881 1966 sexti
916 1931 1047 1967 esse.

255 2010 323 2054 κθ
358 2003 601 2051 ineuntis
633 2002 743 2051 fere
776 2002 973 2051 saeculi
1008 2002 1218 2064 septimi
1253 2015 1383 2050 esse.

256 2083 356 2140 κώ
388 2087 591 2136 saeculi
625 2086 836 2149 septimi
871 2099 1003 2136 esse.

257 2180 351 2226 ,tec
384 2171 585 2220 saeculi
619 2170 831 2233 septimi
865 2184 1010 2232 esse,
1052 2170 1285 2220 codicem
1321 2165 1525 2220 diutius
1561 2169 1850 2232 possedisse
1886 2169 2164 2232 (laudatur
2198 2174 2252 2222 in
2289 2174 2443 2238 Apoc.
2479 2177 2543 2224 cf.
2579 2176 2604 2226 1
2630 2177 2721 2240 :9,

329 2256 424 2319 11,
460 2254 554 2316 19,
587 2253 621 2303 ·2
655 2269 671 2303 τ
707 2253 740 2302 2
775 2252 897 2315 etc).

256 2340 389 2393 καὶ*
424 2339 625 2389 saeculi
671 2339 883 2401 septimi
928 2353 1069 2400 esse,
1118 2353 1287 2402 pauca
1331 2340 1386 2388 in
1436 2339 1591 2403 Apoc.
1639 2339 1925 2389 correxisse
1969 2339 2058 2401 (cf.
2107 2341 2260 2404 Apoc.
2307 2341 2364 2391 11
2409 2358 2421 2393 :
2457 2343 2515 2408 1,
2563 2343 2621 2406 3,
2664 2348 2717 2400 8,

330 2425 397 2474 12
434 2442 447 2474 ε
482 2423 543 2484 6,
576 2421 642 2472 18
679 2438 691 2472 :
726 2423 775 2471 9.

256 2519 329 2563 κθ
366 2510 566 2559 saeculi
601 2508 900 2557 duodecimi
937 2522 1079 2570 esse,
1116 2508 1431 2571 paucissima
1466 2507 1752 2556 correxisse
1787 2505 1875 2567 (οἳ.
1915 2508 2007 2558 Mt.
2041 2507 2109 2558 19
2140 2524 2152 2558 :
2183 2509 2243 2568 3,
2277 2510 2303 2560 1
2345 2512 2477 2562 Tim.
2512 2513 2546 2561 3
2576 2530 2587 2563 :
2618 2513 2721 2564 163.

258 2596 305 2644 A
352 2610 411 2637 =
448 2594 611 2643 codex
648 2592 1039 2643 Alexandrinus
1074 2592 1420 2642 Londinensis
1456 2592 1626 2641 musei
1657 2592 1974 2656 Britannici,
2009 2596 2208 2644 saeculi
2238 2598 2430 2659 quinti.
2476 2596 2725 2650 Continet

340 2678 501 2728 Vetus
534 2678 969 2739 Testamentum,
1004 2677 1213 2727 Novum
1249 2677 1686 2734 Testamentum,
1719 2676 1745 2726 1
1788 2677 1952 2728 Clem.
1986 2678 2019 2727 2
2055 2678 2219 2729 Clem.

258 2764 315 2814 B
351 2779 411 2808 =
448 2763 609 2813 codex
647 2763 845 2812 Romae
880 2761 1192 2822 Vaticanu3‚
1228 2762 1425 2811 saeculi
1460 2761 1656 2824 quarti.
1712 2760 1964 2811 Continet
1993 2770 2285 2829 utrumque
2304 2765 2723 2818 Testamentum.

333 2848 557 2912 Semper
616 2847 906 2896 defuerunt
967 2845 1396 2896 Maccahaeorum
1450 2844 1586 2894 libri.
1657 2845 1814 2896 Nunc
1864 2847 2060 2896 desunt
2111 2846 2331 2898 Genesis
2381 2848 2549 2900 1-46
2584 2868 2596 2900 t
2630 2853 2724 2908 28.

336 2932 417 2982 Ps.
471 2931 573 2981 105
608 2944 620 2980 :
655 2928 887 2979 27—137
924 2944 937 2979 z
971 2928 1006 2976 6
1056 2936 1113 2980 et
1160 2931 1219 2980 in
1264 2930 1411 2979 Novo
1455 2929 1594 2978 Test.
1645 2929 1797 2980 Hebr.
1844 2929 1905 2994 9,
1951 2930 2147 2980 14-13
2182 2946 2193 2980 :
2230 2932 2323 2997 25,
2372 2933 2397 2982 1
2438 2941 2493 2985 et
2525 2936 2558 2985 2
2590 2937 2723 2988 Tim.

334 3018 437 3067 Tit.
472 3017 657 3067 Filem.
693 3017 847 3080 Apoc.

259 3104 311 3152 C
349 3118 407 3146 =
445 3102 607 3151 codex
656 3100 938 3164 prraemi
984 3099 1103 3163 Syri
1154 3100 1438 3162 rescriptus
1486 3099 1793 3148 parisiensis
1829 3099 2179 3149 bibliothecae
2215 3102 2499 3153 nationalis
2532 3104 2565 3152 9
2599 3107 2722 3157 olim

341 3187 466 3250 Reg.
511 3184 648 3234 1905
692 3186 775 3233 vel
811 3183 1146 3234 Colbertinus
1179 3181 1341 3242 37693
1386 3183 1583 3232 saeculi
1619 3183 1811 3246 quinti.
1863 3182 2184 3246 Fragmenta
2218 3186 2455 3236 continet
2489 3177 2726 3255 Evange-

338 3272 564 3330 liorum,
611 3271 893 3330 Actorum,
940 3267 1324 3331 Epistolarum,
1360 3267 1724 3329 Apocalypsis,
1760 3280 1900 3329 quae
1937 3268 2055 3329 plus
2089 3267 2362 3317 dimidiam
2397 3272 2561 3320 totius
2594 3274 2726 3328 Novi

338 3354 667 3406 Testamenti
700 3359 905 3416 partem
938 3351 1191 3402 efficiunt.

258 3441 318 3491 D
358 3455 417 3483 =
452 3438 617 3488 codex
654 3437 816 3486 Bezae
851 3435 1311 3498 Cantabrigiensis.
1362 3434 1590 3485 Textum
1625 3434 2026 3498 Evangeliorum
2064 3450 2172 3485 una
2205 3452 2327 3486 cum
2355 3438 2496 3488 Actis
2520 3449 2728 3504 aposto-

340 3527 513 3572 lorum
569 3520 833 3571 Graecum
884 3526 941 3570 et
990 3519 1239 3569 Latinum
1286 3519 1553 3582 continet,
1610 3520 1666 3569 in
1717 3520 2004 3582 evangeliis
2047 3520 2303 3569 Matthaei
2338 3527 2393 3571 et
2425 3523 2642 3574 Joannis
2676 3533 2728 3574 et

340 3609 485 3657 Actis
520 3606 715 3670 passim
752 3605 1035 3668 mutilum,
1068 3605 1354 3669 aliquoties
1385 3605 1546 3654 etiam
1579 3603 1954 3667 posterioribus
1977 3605 2118 3654 curis
2138 3607 2460 3668 suppletum.
2495 3608 2732 3673 Scriptus

340 3693 553 3741 videtur
584 3692 723 3741 circa
759 3690 896 3740 med.
929 3703 1063 3739 saec.
1098 3689 1183 3739 VI.

258 3778 321 3828 D
355 3777 421 3825 ad
470 3777 720 3840 epistolas
766 3774 942 3835 Pauli,
987 3773 1147 3823 codex
1195 3771 1643 3823 claromontanus
1684 3787 1716 3821 a
1753 3774 1882 3822 Beza
1919 3788 2211 3836 possessore
2247 3776 2447 3838 dictuS,
2499 3793 2640 3828 nunc
2675 3796 2726 3829 m

340 3861 468 3911 bibl.
515 3860 645 3923 Imp.
692 3859 841 3909 Paris
907 3873 987 3907 nr.
1031 3856 1129 3907 107
1165 3858 1421 3922 signatus,
1474 3856 1724 3906 Continet
1759 3857 1955 3907 Graece
1991 3863 2046 3907 et
2083 3858 2266 3910 Latine
2301 3862 2549 3925 epistolas
2583 3863 2728 3913 Pauli

336 3959 527 3994 omnes
560 3942 1016 4007 quattuordecim,
1064 3942 1245 4004 paucis
1279 3942 1516 3991 versibus
1551 3942 1798 4005 exceptis.
1853 3942 2067 4005 Postea,
2119 3945 2377 4009 imprimis
2411 3949 2635 3997 saeculis
2673 3958 2732 3999 ut

339 4029 557 4078 videtur
606 4028 833 4091 septimo
883 4032 940 4076 et
987 4041 1153 4088 nono,
1204 4041 1235 4075 a
1280 4025 1524 4089 pluribus
1571 4026 1695 4075 viris
1729 4026 1896 4076 doctis
1931 4028 1996 4076 ad
2032 4030 2202 4078 varios
2237 4032 2383 4081 codd.
2419 4038 2474 4082 et
2508 4033 2732 4084 Graecos

332 4122 394 4164 et
432 4113 646 4163 Latinos
678 4117 945 4162 correctus
977 4119 1074 4160 est.
