3050 4459
324 209 401 246 xli
1520 222 1588 231 -

391 369 706 420 deliniendis
750 370 965 419 licentia
1003 370 1268 434 quaedam
1315 369 1571 433 dabatur,
1617 370 1808 419 deinde
1853 370 2211 419 ordinationes
2256 384 2395 419 anno
2429 372 2784 422 ecclesiastico

392 454 817 504 accommodatae
863 455 968 503 alia
1012 454 1068 502 in
1116 455 1221 502 alia
1254 454 1466 517 regione
1502 455 1560 502 in
1596 460 1910 517 perpetuum
1946 454 2340 504 statuebantur.
2394 454 2508 513 Quo
2543 462 2780 520 tempore

396 539 625 601 primum
676 539 925 587 instituta
975 539 1084 588 sint
1133 538 1263 587 talia
1315 539 1621 587 lectionaria
1657 540 1907 588 nescitur.
1975 539 2426 588 Lectionariorum
2460 539 2781 590 Graecorum

394 622 589 671 saeculi
636 624 846 686 septimi
894 624 1194 687 fragmenta
1242 623 1515 673 habemus.
1571 623 1717 673 Nihil
1753 623 1930 673 obstat
1964 625 2096 687 quin
2133 625 2262 673 talia
2290 625 2402 687 jam
2440 625 2528 674 diu
2564 627 2782 676 exstite-

394 707 517 755 rint.
573 708 613 756 Ii
659 707 807 770 libri,
851 708 944 772 qui
992 709 1241 758 lectiones
1285 723 1347 757 ex
1390 708 1681 772 evangeliis
1725 709 2029 772 continent,
2075 711 2246 759 multo
2291 709 2527 760 crebrius
2563 710 2787 759 fortasse

395 791 567 841 multo
618 793 765 854 prius
814 793 1064 855 descripti
1113 798 1242 842 sunt
1274 808 1437 857 quam
1474 794 1539 854 ii,
1594 794 1689 856 qui
1724 795 1976 843 lectiones
2009 808 2072 843 ex
2111 795 2253 844 Actis
2286 800 2342 844 et
2375 794 2622 858 Epistolis
2655 811 2782 846 con-

397 875 598 939 tinent,
643 891 752 940 qua
785 878 849 927 de
884 891 940 926 re
976 876 1207 926 notabile
1242 884 1325 925 est
1355 874 1651 940 περικοπάς
1686 879 1739 927 in
1776 879 2073 942 Evangeliis
2108 879 2316 943 longius
2350 894 2515 943 quam
2550 880 2606 930 in
2642 881 2788 930 Actis

398 965 453 1008 et
487 959 729 1023 Epistolis
763 963 818 1011 iu
855 968 1007 1012 textu
1043 963 1295 1012 continuo
1332 963 1474 1011 inter
1506 977 1562 1011 se
1598 963 1846 1026 disjungi.
1895 963 2034 1012 Haec
2061 964 2364 1013 lectionaria
2388 964 2783 1027 evangeliorum

398 1059 591 1094 nomen
653 1046 853 1096 habent
900 1042 1229 1110 εὐαγγέλιον,
1291 1048 1646 1110 evangelium.
1699 1047 2149 1098 Lectionariorum
2202 1050 2568 1097 testimonium
2621 1049 2674 1097 in
2727 1062 2788 1097 re

397 1129 579 1178 critica
622 1138 778 1180 caute
811 1131 1171 1180 exhibendum
1208 1137 1315 1194 est,
1362 1132 1489 1194 quia
1524 1132 1677 1180 initio
1713 1132 2000 1182 lectionum
2039 1132 2146 1181 sere
2182 1147 2415 1195 semper,
2463 1131 2569 1181 fine
2603 1137 2784 1181 autem

398 1218 455 1261 et
514 1214 687 1264 medio
751 1230 1137 1279 nonnunquam
1200 1215 1454 1265 vocabula
1506 1216 1589 1264 vel
1641 1217 1821 1265 addita
1872 1218 1953 1266 vel
2005 1217 2201 1266 omissa
2249 1219 2332 1266 vel
2383 1215 2592 1265 mutata
2642 1222 2788 1266 sunt.

399 1296 635 1362 Gregory
700 1305 946 1349 numerat
1005 1298 1106 1349 93ss
1157 1301 1465 1351 lectionaria
1517 1303 1776 1365 evangelii
1830 1307 1885 1350 et
1934 1300 2035 1350 265
2085 1302 2320 1364 apostoli.
2390 1301 2466 1351 cf.
2519 1301 2789 1365 Gregory,

400 1395 446 1442 p.
481 1379 699 1445 695-p.
735 1381 849 1431 800.

1281 1522 1650 1574 VERSIONES
1686 1524 1747 1573 N.
1783 1525 1838 1574 T.

566 1659 677 1722 ,Cn
723 1660 1363 1725 Tischendorf-Gregory,
1412 1662 1819 1724 Prolegomena,
1869 1677 1915 1724 p.
1963 1660 2278 1711 803—1128.
2334 1661 2542 1724 Baljon,
2591 1659 2689 1709 Inl.
2723 1675 2794 1721 op

668 1745 733 1793 de
768 1745 825 1793 B.
860 1745 953 1794 des
989 1745 1050 1794 N.
1072 1745 1146 1808 V„
1184 1745 1252 1795 bl.
1277 1744 1574 1807 616-637,
1610 1744 1723 1795 Our
1758 1746 1902 1795 Bible
1938 1746 2042 1794 and
2066 1746 2158 1794 the
2183 1745 2396 1794 ancient
2421 1744 2790 1806 manuscripts.

670 1829 712 1878 A
760 1828 972 1892 History
1020 1830 1078 1878 of
1119 1830 1211 1878 the
1258 1835 1374 1878 text
1418 1829 1519 1877 and
1571 1830 1640 1878 its
1685 1830 2029 1879 translations
2064 1830 2132 1892 by
2171 1829 2410 1878 Frederic
2446 1828 2499 1877 C.
2539 1828 2790 1891 Kenyon,

669 1914 856 1962 second
909 1914 1134 1975 edition,
1185 1912 1346 1974 1896,
1400 1928 1445 1977 p.
1497 1912 1791 1976 151—173,
1846 1913 1901 1961 Ε.
1955 1914 2163 1976 Nestle,
2217 1912 2555 1975 Einfiihrung
2607 1912 2662 1959 in
2698 1911 2794 1959 das

669 1997 1008 2047 Griechische
1062 1998 1209 2047 Neue
1262 1998 1596 2060 Testament‚
1649 1996 1808 2060 1897,
1861 1996 1912 2047 S.
1947 1996 2014 2045 48
2051 1997 2130 2058 ff,
2191 1996 2379 2045 Urtext
2429 1996 2535 2044 und
2591 1994 2793 2044 Ueber-

670 2089 958 2145 setzungen
995 2083 1088 2131 der
1124 2083 1268 2140 Bibel
1306 2098 1356 2131 u.
1377 2097 1416 2131 S.
1435 2098 1499 2131 w.
1537 2081 1978 2132 Sonderabdruck
2013 2083 2106 2130 der
2140 2081 2343 2130 Artikel
2381 2079 2644 2129 Bibeltext
2673 2080 2787 2128 und.

669 2165 1243 2229 Bibeliibersetzungen
1268 2166 1601 2229 Realencycl.
1630 2167 1663 2214 s.
1689 2171 1822 2228 prot.
1847 2165 2026 2214 Theoi.
2049 2165 2155 2213 und
2175 2165 2393 2228 Kirche,
2418 2163 2464 2213 3.
2485 2164 2624 2212 Aull.
2641 2161 2793 2213 1897.

1194 2338 1564 2389 VERSIONES
1601 2337 1945 2388 SYRlACAE.

342 2474 518 2524 Versio
569 2478 774 2540 syriaca
826 2493 857 2525 a
907 2475 1136 2526 Curet-sn
1191 2477 1334 2526 edita
1380 2477 1667 2540 „Remains
1712 2475 1842 2525 osa
1890 2491 2014 2539 very
2064 2477 2274 2525 ancient
2310 2476 2579 2525 recension
2613 2475 2672 2522 of
2700 2475 2796 2523 the

407 2561 526 2608 four
574 2563 779 2623 gospels
831 2562 884 2609 in
937 2560 1149 2623 Syria&
1201 2561 1471 2623 (London,
1523 2559 1707 2622 1858),
1758 2577 1816 2603 =
1865 2569 2049 2624 syrssu.
2115 2559 2194 2609 Cf.
2245 2560 2329 2608 Dr.
2367 2559 2428 2607 G.
2466 2558 2796 2608 Wildeboer:

406 2644 514 2706 „De
566 2645 770 2694 waarde
822 2646 915 2694 der
965 2645 1081 2709 Syr.
1134 2646 1443 2709 evangeliea
1496 2647 1624 2694 door
1675 2645 1906 2694 Cureton
1959 2645 2186 2693 ontdekt
2230 2659 2296 2692 en
2343 2643 2692 2706 nitgegeven'’
2739 2651 2798 2692 et

407 2726 466 2776 G.
522 2728 787 2793 Bathgen,
840 2729 1451 2794 Evangeliefragmente:
1505 2730 1643 2792 „Der
1690 2727 2030 2778 Griechische
2075 2728 2206 2777 Text
2252 2729 2343 2776 des
2380 2727 2794 2778 Curetonischen

407 2812 643 2876 Syrers’',
695 2814 928 2877 Leipzig,
979 2812 1126 2862 1885.
1197 2814 1496 2862 Guilelmus
1550 2812 1848 2863 Curetonus
1908 2815 2111 2863 invenit
2160 2814 2290 2862 haec
2343 2814 2798 2876 praestantissima

410 2898 712 2961 fragmenta
761 2899 900 2947 int-er
952 2898 1153 2948 codices
1204 2898 1373 2947 Musei
1422 2899 1737 2960 Britannici,
1789 2898 1882 2960 qui
1928 2912 2068 2947 anno
2114 2895 2247 2946 1842
2289 2912 2351 2946 ex
2387 2899 2709 2947 monasterio
2743 2897 2799 2946 S.

409 2981 605 3030 Mariae
660 2983 910 3045 Deiparae
964 2984 1016 3032 in
1067 2984 1272 3032 deserto
1320 2983 1575 3032 Nitriensi
1622 2984 1677 3031 in
1725 2983 1971 3046 Angliam
2019 2982 2174 3029 ielati
2218 2987 2359 3030 sunt.
2413 2982 2503 3031 His
2537 2983 2797 3031 adnume-

408 3066 572 3114 randa
605 3073 733 3115 sunt
768 3067 892 3116 folia
927 3070 1030 3115 tria
1066 3068 1423 3117 Berolinensia
1457 3066 1683 3128 (Orient.
1721 3066 1903 3124 Quart.
1931 3063 2068 3129 528),
2104 3081 2242 3128 quae
2274 3065 2531 3114 ilenricus
2561 3066 2797 3130 Brugsch

410 3165 471 3198 ex
509 3149 723 3199 Oriente
760 3151 1064 3200 Berolinum
1101 3152 1300 3200 attulit.
1354 3149 1557 3212 Codex,
1592 3165 1656 3198 ex
1692 3165 1798 3212 quo
1837 3150 2134 3212 fragmenta
2169 3155 2324 3210 sunt,
2361 3150 2571 3197 videtur
2600 3150 2798 3199 saeculi

411 3234 585 3296 quinti
622 3234 798 3294 (annis
831 3236 1041 3285 circiter
1074 3234 1381 3296 450—470).
1435 3236 1591 3284 Foliis
1629 3235 1888 3283 universis
1925 3235 2055 3283 haee
2089 3234 2276 3281 insunt
2309 3232 2403 3281 Mt.
2439 3232 2466 3280 1
2490 3232 2798 3295 :1—8:2‘2,

410 3317 476 3366 10
512 3334 523 3367 :
559 3317 759 3368 32—-23
794 3335 805 3368 ι
842 3319 934 3381 23,
998 3319 1095 3369 Mc.
1132 3319 1198 3368 16
1235 3334 1246 3367 :
1282 3318 1507 3382 17-20,
1572 3319 1686 3367 Job.
1723 3317 1750 3366 1
1789 3332 1800 3366 t
1836 3317 2001 3366 1-42
2034 3316 2172 3379 (43),
2235 3315 2268 3364 3
2306 3332 2316 3365 :
2353 3315 2483 3365 5-8
2522 3332 2532 3366 :
2568 3315 2634 3365 19
2668 3317 2799 3377 (non

409 3409 583 3452 exstat
660 3404 895 3466 pericope
976 3403 1004 3452 7
1043 3419 1055 3452 ε
1092 3402 1257 3452 53-ss
1293 3418 1304 3452 ε
1340 3401 1455 3464 11),
1538 3402 1603 3450 14
1641 3417 1651 3451 :
1687 3400 1912 3464 10—12‚
1981 3400 2047 3449 14
2084 3416 2094 3449 :
2129 3399 2356 3463 15--19,
2422 3399 2488 3449 14
2525 3417 2536 3450 ε
2572 3401 2804 3464 21--23,

410 3487 477 3537 14
512 3503 524 3538 t
562 3487 787 3550 213—29‚
841 3488 925 3536 Lc.
960 3487 991 3536 2
1031 3503 1042 3537 :
1078 3487 1244 3536 48-3
1280 3503 1291 3536 :
1326 3486 1421 3549 16,
1476 3486 1503 3535 7
1544 3501 1555 3535 :
1591 3485 1791 3534 33-16
1826 3501 1837 3536 :
1874 3485 1966 3549 1‘2,
2017 3483 2082 3533 17
2119 3500 2131 3533 :
2169 3484 2334 3534 1—24
2372 3500 2383 3534 z
2420 3485 2499 3534 44.

346 3573 524 3622 X'ersio
560 3573 791 3637 syriaca,
827 3578 1005 3621 textus
1038 3573 1115 3621 illi
1152 3573 1317 3622 veteri
1352 3571 1708 3622 Curetoniano
1745 3586 1848 3620 non
1887 3585 2098 3634 prorsus
2124 3571 2323 3632 aliena,
2359 3585 2498 3633 quae
2524 3572 2804 3633 praecipue

412 3674 475 3707 ex
527 3657 829 3707 lectionario
879 3658 1277 3720 evangeliorum
1332 3656 1613 3719 vaticam,
1666 3655 1781 3718 Syr.
1827 3655 1948 3705 XIX
1994 3656 2120 3704 olim
2157 3655 2255 3717 XI,
2302 3656 2496 3703 saeculi
2534 3656 2803 3704 undecimi

413 3752 541 3793 nota
592 3751 688 3792 est.
746 3743 966 3806 Propter
1017 3743 1301 3791 dialectum
1354 3741 1636 3790 barbaram
1688 3741 1902 3804 linguae
1954 3739 2270 3789 Chaldaicae
2320 3755 2425 3788 non
2472 3739 2702 3788 alienam
2747 3746 2804 3788 et

412 3828 662 3889 dialecto,
696 3842 835 3891 quae
871 3828 925 3876 in
964 3827 1110 3876 libris
1143 3826 1449 3875 talmudicis
1483 3825 1977 3887 Hierosolymitanis
2009 3823 2297 3886 invenitur,
2327 3823 2555 3872 similem
2589 3829 2806 3873 vocatur

416 3912 545 3960 haec
579 3913 744 3961 versio
781 3912 1262 3976 Hierosolymitana
1297 3926 1356 3953 =
1394 3907 1570 3974 syr.h¹··
1585 3909 1665 3958 vel
1681 3907 1792 3947 hier.

352 3996 613 4044 l‘eschitto
657 3997 764 4044 sive
811 3996 1033 4059 simplex
1080 3996 1261 4044 versiO.
1321 3996 1472 4043 Anno
1518 3992 1650 4042 1708
1689 3993 1937 4056 Lugduni
1989 3993 2308 4042 Batavorum
2360 3993 2588 4042 Joannes
2639 3991 2803 4040 Leus-

416 4080 605 4129 denius
639 4087 694 4128 et
728 4081 945 4130 Carolus
980 4079 1253 4130 Schaafius
1290 4081 1425 4128 hanc
1463 4080 1753 4127 versionem
1791 4078 2075 4126 ediderunt
2111 4093 2171 4120 =
2209 4074 2412 4140 syn-‘³01¹-
