3050 4459
118 466 176 495 Ι.Ιι·.
204 466 251 496 lte.
279 466 316 495 ltt

141 597 213 629 25-
240 599 282 627 33

55 653 114 682 Lk.
137 652 185 683 12.
202 653 244 683 22
262 651 339 680 ἢΖΗ

166 1230 213 1262 10,
236 1231 272 1259 :ll

112 2285 169 2314 [ek.
191 2286 221 2318 (l,
244 2284 283 2314 ΣΠ
301 2295 328 2314 κ.

113 2391 170 2420 m„
191 2393 220 2422 a,
244 2392 281 2421 41
303 2400 329 2421 κ.

165 2925 179 2953 ἶ
222 2924 275 2953 vll

62 2977 119 3007 hh.
157 2978 202 3006 ΙΙ,
228 2979 249 3006 9
308 2976 347 3005 13

372 228 438 278 η
570 229 632 292 n,
664 228 745 278 ιιι.
1272 226 1372 278 KA
1388 225 1473 278 TA
1512 225 1938 279 ΜΑΘΘΑΙΟΝ

370 361 405 429 ᾗ
422 401 436 424 ,
481 363 606 414 ὅλον
646 362 704 414 τὸ
739 361 896 429 σῶμά
929 382 1027 415 σου
1062 362 1333 414 σκοτεινὸν
1365 363 1523 415 ἔσται.
1571 362 1621 413 εἰ
1651 361 1747 415 οὖν
1782 361 1840 413 τὸ
1875 368 1997 429 φῶς
2033 361 2090 413 τὸ
2124 361 2180 413 ἐν
2214 362 2297 414 σοὶ
2332 362 2521 419 σκότος
2555 362 2724 424 ἐστίν,
2772 361 2834 412 τὸ

372 448 563 505 σκότος
607 447 790 499 πόσον.
841 450 907 500 24
960 445 1152 505 Οὐδεὶς
1198 447 1414 500 δύναται
1448 446 1569 498 δυσὶ
1604 448 1812 512 κυρίοις
1846 446 2131 498 δουλεύειν·
2168 445 2200 513 ἢ
2237 445 2335 513 γὰρ
2373 444 2460 498 τὸν
2493 446 2584 498 ἕνα
2617 445 2832 514 μισήσει

372 530 463 583 καὶ
516 530 606 582 τὸν
654 531 833 597 ἕτερον
883 529 1169 598 ἀγαπήσει,
1222 530 1253 598 ἢ
1305 529 1421 588 ἑνὸς
1466 530 1742 592 ἀνθέξεται
1789 530 1882 582 καὶ
1930 538 2022 582 τοῦ
2069 529 2251 596 ἑτέρου
2296 531 2711 598 καταφρονήσει.
2764 530 2831 583 οὐ

371 614 605 668 δύνασθε
651 616 766 681 θεῷ
812 615 1080 667 δουλεύειν
1114 615 1207 667 καί
1240 622 1491 682 μαμωνᾷ.
1545 617 1612 667 ’25
1645 613 1746 667 Διὰ
1781 621 1936 667 τοῦτο
1969 613 2104 681 λέγω
2139 614 2294 678 ὑμῖν,
2333 614 2410 682 μὴ
2445 622 2730 682 μεριμνᾶτε
2767 622 2831 681 τῇ

372 706 528 766 ψυχῇ
563 699 719 766 ὑμῶν
753 700 804 750 τί
833 699 1065 766 φάγητε,
1096 699 1236 767 μηδὲ
1271 707 1345 765 τῷ
1379 698 1586 766 σώματι
1621 699 1777 764 ὑμῶν
1813 700 1863 750 τί
1891 698 2203 766 ἐνδύσησθε.
2239 698 2361 766 οὐχὶ
2397 699 2430 766 ἦ
2467 699 2620 767 ψυχὴ
2651 700 2832 750 πλεῖόν

372 782 509 836 ἐστιν
553 790 646 851 τῆς
693 791 897 851 τροφῆς
939 783 1031 836 καὶ
1066 782 1123 835 τὸ
1160 789 1317 850 σῶμα
1354 790 1444 836 τοῦ
1478 782 1802 849 ἐνδύματος,·
1857 785 1923 835 26
1954 781 2257 851 ἔμβλὲψατε
2290 783 2366 841 εἰς
2399 782 2461 836 τὰ
2493 782 2701 835 πετεινὰ
2737 789 2830 834 τοῦ

373 866 604 933 οὐρανοῦ
622 908 636 931 ,
686 869 763 919 ὅτι
810 867 875 919 οὐ
922 868 1225 934 σπείρουσιν
1258 867 1385 920 οὐδὲ
1419 868 1727 934 θερίζουσιν
1760 866 1887 920 οὐδὲ
1921 866 2234 934 συνάγουσιν
2266 867 2341 925 εἰς
2375 866 2689 934 ἀποθήκας,
2735 866 2832 918 καὶ

375 952 405 1000 ό
451 952 625 1020 πατὴρ
677 952 834 1018 ὑμῶν
883 952 915 1003 ὁ
965 950 1210 1017 οὐράνιος
1260 951 1440 1018 τρέφει
1489 951 1641 1004 αὐτά·
1696 951 1796 1018 οὐχ
1851 951 1999 1017 ὑμεῖς
2048 951 2247 1016 μᾶλλον
2293 950 2571 1018 διαφέρετε
2616 951 2827 1016 αὐτῶν,-

373 1039 453 1089 27.
502 1037 577 1095 τίς
622 1035 681 1088 δὲ
727 1035 785 1097 ἐξ
833 1036 987 1103 ὑμῶν
1029 1042 1305 1103 μεριμνῶν
1350 1035 1568 1089 δύναται
1611 1036 1923 1102 προσθεῖναι
1957 1034 2043 1087 ἐπὶ
2081 1035 2174 1102 τὴν
2208 1035 2419 1102 ἡλικίαν
2452 1035 2616 1088 αὐτοῦ
2650 1043 2832 1103 πῆχυν

373 1120 495 1184 ἑνα,·
547 1124 614 1173 28
659 1120 751 1173 καὶ
796 1120 917 1187 περὶ
951 1120 1240 1187 ἐνδύματος
1277 1122 1328 1173 τί
1355 1128 1673 1188 μεριμνᾶτε,·
1721 1120 2059 1186 καταμάθετε
2094 1118 2155 1172 τὰ
2189 1120 2346 1186 κρίνα
2383 1127 2475 1172 τοῦ
2510 1119 2676 1187 ἀγροῦ
2711 1127 2831 1179 πῶς

373 1204 707 1267 αὐξάνουσιν·
753 1204 818 1256 οὐ
865 1211 1127 1257 κοπιῶσιν
1172 1203 1299 1257 οὐδὲ
1344 1204 1620 1272 νήθουσιν.
1672 1207 1739 1256 29
1775 1204 1912 1271 λέγω
1948 1203 2008 1257 δὲ
2042 1204 2168 1270 ύμῖν
2201 1205 2280 1255 ὅτι
2315 1202 2442 1256 οὐδὲ
2475 1203 2740 1270 Σολομὼν
2773 1203 2834 1257 ἒν

373 1289 515 1356 πάσῃ
564 1296 626 1356 τῇ
671 1289 802 1355 δόξῃ
847 1288 1011 1341 αὐτοῦ
1053 1288 1390 1356 περιεβάλετο
1439 1288 1515 1346 ὡς
1550 1289 1606 1340 ἓν
1641 1288 1859 1340 τούτων.
1912 1289 1978 1340 30
2011 1288 2062 1339 εἰ
2093 1286 2152 1339 δὲ
2186 1287 2276 1339 τὸν
2308 1288 2500 1355 χόρτον
2534 1295 2627 1340 τοῦ
2662 1287 2833 1355 ἀγροῦ

374 1373 609 1441 σήμερον
652 1374 775 1426 ὄντα
809 1374 902 1426 καὶ
936 1374 1123 1440 αὔριον
1157 1374 1231 1431 εἷς
1266 1373 1521 1441 κλίβανον
1553 1372 1879 1440 βαλλόμενον
1913 1372 1945 1423 δ
1981 1371 2104 1431 θεὸς
2139 1372 2310 1430 οὕτως
2345 1371 2718 1440 ἀμφιέννυσιν,
2766 1371 2834 1426 οὗ

373 1458 554 1524 πολλῷ
599 1458 799 1524 μᾶλλον
844 1458 1010 1524 ὑμᾶς,
1056 1457 1403 1525 ὀλιγόπιστοι,·
1457 1459 1516 1510 31
1570 1456 1645 1524 μὴ
1684 1456 1780 1508 οὖν
1812 1456 2169 1524 μεριμνήσητε
2204 1456 2452 1524 λέγοντες·
2491 1457 2542 1508 τί
2572 1457 2835 1525 φάγωμεν

377 1542 409 1610 ἢ
446 1543 498 1595 τί
524 1544 734 1608 πίωμεν
768 1542 800 1609 ἢ
838 1543 890 1594 τί
915 1541 1363 1609 περιβαλώμεθα,·
1407 1544 1473 1594 3“2
1505 1541 1674 1593 πάντα
1711 1539 1810 1608 γὰρ
1846 1547 2006 1593 ταῦτα
2042 1541 2103 1593 τὰ
2137 1542 2269 1608 ἔθνη
2305 1540 2652 1608 ἐπιζητοῦσιν·
2689 1540 2838 1594 οἶδεν

375 1626 474 1695 γὰρ
509 1628 541 1678 ὁ
571 1626 745 1694 πατὴρ
780 1627 934 1693 ὑμῶν
969 1627 1000 1676 ὁ
1032 1625 1279 1693 οὐράνιος
1313 1627 1391 1678 ὅτι
1425 1627 1648 1693 χρῄζετε
1684 1624 1888 1678 τούτων
1921 1625 2184 1678 ἁπάντων.
2220 1628 2287 1677 33
2314 1627 2512 1692 ζητεῖτε
2536 1625 2595 1678 δὲ
2615 1632 2835 1692 πρῶτον

376 1711 470 1779 τὴν
513 1712 783 1779 βασιλείαν
826 1711 918 1763 καὶ
965 1710 1059 1778 τὴν
1093 1710 1437 1778 δικαιοσύνην
1472 1710 1667 1773 αὐτοῦ,
1714 1709 1807 1762 καὶ
1844 1716 2004 1762 ταῦτα
2037 1710 2205 1763 πάντα
2237 1710 2654 1778 προστεθήσεται
2689 1710 2833 1776 ὑμῖν.

375 1799 457 1849 34,
489 1795 566 1863 μὴ
603 1794 698 1848 οὖν
731 1794 1088 1863 μεριμνήσητε
1121 1794 1196 1852 εἰς
1232 1792 1325 1862 τὴν
1358 1794 1562 1861 αὔριον·
1601 1795 1634 1862 ἡ
1669 1794 1771 1862 γὰρ
1806 1793 1992 1860 αὔριον
2020 1794 2333 1863 μεριμνήσει
2363 1793 2570 1861 ἑαυτῆς.
2606 1793 2836 1860 ἀρκετὸν

376 1889 437 1948 τῇ
473 1879 645 1948 ἡμέρᾳ
682 1879 715 1948 ἦ
750 1881 916 1932 κακία
951 1878 1131 1946 αὐτῆς.

1555 2074 1662 2123 vn.

444 2247 465 2297 1
522 2243 620 2312 ᾹΙὴ
669 2244 903 2310 κρίνετε,
950 2244 1032 2294 ἵνα
1066 2241 1142 2309 μὴ
1178 2242 1420 2309 κριθῆτε.
1473 2244 1506 2293 ‘2
1540 2240 1597 2294 ἐν
1632 2240 1678 2307 ᾧ
1713 2240 1811 2309 γὰρ
1848 2241 2066 2307 κρίματι
2100 2241 2305 2307 κρίνετε
2339 2238 2698 2307 κριθήσεσθε,
2735 2240 2832 2292 καὶ

374 2328 430 2381 ἓν
476 2327 522 2394 ᾧ
567 2327 746 2395 μέτρῳ
791 2334 1025 2395 μετρεῖτε
1069 2325 1460 2392 μετρηθήσεται
1507 2326 1648 2392 ὑμῖν.
1703 2327 1736 2376 3
1783 2326 1835 2376 τί
1877 2323 1936 2376 δὲ
1980 2324 2191 2392 βλέπεις
2233 2323 2290 2376 τὸ
2324 2324 2536 2390 κάρφος
2572 2323 2630 2375 τὸ
2664 2324 2720 2375 ἕν
2756 2333 2835 2391 τῷ

375 2412 645 2479 ὀφθαλμῷ
697 2421 787 2465 τοῦ
838 2411 1075 2478 ἀδελφοῦ
1129 2429 1256 2474 σου,
1306 2409 1402 2477 τὴν
1451 2408 1509 2461 δὲ
1556 2408 1611 2460 ἐν
1659 2416 1734 2474 τῷ
1781 2416 1861 2474 σῷ
1908 2408 2180 2476 ὀφθαλμῷ
2224 2408 2388 2461 δοκὸν
2422 2408 2486 2460 ού
2522 2417 2832 2472 κατανοεῖς,·

375 2501 408 2549 4
452 2496 485 2563 ἢ
531 2503 650 2554 πῶς
695 2496 832 2564 ἐρεῖς
866 2503 940 2562 τῷ
974 2495 1196 2562 ἀδελφῷ
1231 2510 1344 2546 σου·
1388 2494 1523 2562 ἄφες
1558 2493 1773 2561 ἐκβάλω
1810 2493 1868 2544 τὸ
1903 2496 2117 2561 κάρφος
2151 2492 2214 2544 ἐκ
2252 2500 2343 2545 τοῦ
2378 2492 2668 2560 ὀφθαλμοῦ
2705 2513 2835 2558 σου,

374 2581 467 2634 καὶ
519 2579 636 2633 ἰδοὺ
689 2580 722 2649 ἡ
777 2580 940 2638 δοκὸς
989 2579 1046 2631 ἐν
1096 2586 1170 2644 τῷ
1228 2578 1500 2645 ὀφθαλμῷ
1552 2585 1666 2629 σοῦ.
1736 2582 1770 2630 5
1814 2576 2103 2644 ὑποκριτά,
2153 2577 2347 2644 ἔκβαλε
2391 2584 2606 2644 πρῶτον
2638 2577 2701 2628 ἐκ
2739 2585 2833 2630 τοῦ

376 2665 662 2732 ὀφθαλμοῦ
721 2672 819 2718 σοῦ
880 2663 974 2731 τὴν
1031 2664 1226 2727 δοκόν,
1288 2662 1380 2715 καὶ
1431 2664 1546 2714 τότε
1597 2661 1902 2729 διαβλέψεις
1953 2661 2198 2730 ἐκβαλεῖν
2249 2661 2305 2712 τὸ
2355 2661 2570 2728 κάρφος
2622 2662 2684 2713 ἐκ
2741 2669 2834 2715 τοῦ

376 2750 665 2817 ὀφθαλμοῦ
712 2757 804 2802 τοῦ
851 2749 1087 2816 ἀδελφοῦ
1125 2767 1238 2799 σου.
1291 2751 1323 2800 6
1358 2746 1456 2814 Mi]
1494 2747 1633 2798 δῶτε
1668 2745 1726 2797 τὸ
1761 2747 1909 2813 ἅγιον
1945 2754 2050 2804 τοῖς
2083 2747 2266 2810 κυσίν,
2309 2744 2448 2813 μηδὲ
2481 2745 2677 2814 βάλητε
2710 2746 2834 2804 τοὺς

373 2835 700 2902 μαργαρίτας
745 2834 900 2901 ὑμῶν
934 2832 1239 2900 ἔμπροσθεν
1274 2838 1380 2883 τῶν
1414 2832 1645 2899 χοίρων,
1691 2830 1896 2898 μήποτε
1932 2831 2374 2899 καταπατήσωσιν
2408 2829 2604 2889 αὐτούς
2638 2830 2694 2882 ἕν
2729 2839 2834 2889 τοῖς

374 2919 529 2971 ποσὶν
579 2918 757 2972 αὐτῶν
807 2918 900 2971 καὶ
952 2915 1268 2985 στραφέντες
1319 2915 1558 2984 ῥήξωσιν
1609 2916 1762 2982 ὑμᾶς.
1833 2920 1863 2968 7
1916 2918 2146 2980 Αἰτεῖτε,
2209 2916 2302 2968 καὶ
2354 2914 2641 2982 δοθήσεται
2691 2915 2836 2980 ὑμῖν·

379 3006 605 3071 ζητεῖτε,
650 3003 743 3084 καὶ
789 3003 1054 3071 εὑρήσετε·
1103 3000 1354 3070 κρούετε,
1398 3001 1491 3054 καὶ
1539 3000 1866 3068 ἀνοιγήσεται
1911 3000 2050 3067 ὑμῖν.
2103 3003 2135 3052 8
2166 3007 2270 3059 πᾶς
2305 2999 2403 3067 γὰρ
2440 3000 2472 3050 ὅ
2503 2999 2667 3052 αἰτῶν
2700 2999 2834 3066 λαμ-

377 3191 459 3241 24.
507 3207 770 3254 μαμωνα.·
813 3190 897 3241 Sic
931 3205 1117 3240 ornnes
1152 3190 1448 3252 majusculi.
1480 3204 1757 3250 μαμμωνα
1792 3203 1916 3238 eum
1954 3188 2225 3237 nonnullis
2259 3188 2588 3237 minusculis

376 3267 457 3316 25.
514 3268 637 3317 Post
681 3282 885 3330 φαγητε
930 3268 1121 3330 legunt
1163 3261 1734 3327 EGKJMSUVFAII,
1780 3267 1980 3328 systum·-
2022 3265 2165 3327 goth.
2208 3279 2299 3311 και
2348 3279 2392 3310 τι
2429 3278 2597 3325 πιητε.
2654 3263 2835 3312 Lchm.

510 3342 724 3406 legebat
757 3357 881 3393 cum
916 3343 980 3406 B,
1014 3358 1057 3405 e,
1096 3342 1129 3404 s,
1164 3340 1237 3405 gl,
1274 3341 1327 3403 h,
1362 3355 1433 3403 m,
1468 3356 1520 3404 q,
1555 3348 1689 3403 copt.
1724 3355 1854 3389 arm.
1891 3357 1924 3404 η
1963 3357 2007 3388 τι
2041 3355 2205 3403 πιητε.

377 3418 458 3468 28.
510 3417 725 3477 αυξανει
760 3415 887 3467 ουδε
920 3434 1084 3466 κοπια
1119 3414 1245 3465 ουδε
1278 3413 1432 3480 νηθει
1468 3430 1591 3466 cum
1629 3412 2184 3465 EGKLMSUVMH.

376 3493 459 3544 3⁶2.
510 3492 741 3557 επιζητει
777 3509 899 3544 cum
934 3490 1446 3543 EGKLMSUVAII.

377 3569 459 3620 33.
512 3571 637 3620 Post
685 3586 780 3634 την
828 3567 950 3634 βασ.
1006 3570 1195 3632 legunt
1242 3564 1757 3630 EGKLMSUVAJJ,
1811 3581 1891 3630 vg.
1944 3574 2110 3630 synon
2165 3581 2255 3613 του
2307 3563 2455 3614 θεου.
2506 3564 2591 3616 Or.
2645 3566 2689 3628 1,
2736 3566 2834 3616 197

510 3643 697 3695 αι’τεῖτε
732 3641 793 3694 τὰ
826 3641 1053 3709 μεγάλα,
1088 3641 1180 3693 καὶ
1209 3640 1272 3693 τὰ
1300 3638 1469 3707 μικρὰ
1498 3639 1915 3707 προστεθήσεται
1947 3639 2086 3704 ύμῖν*
2117 3638 2209 3690 καὶ
2234 3638 2419 3691 αἰτεῖτε
2438 3638 2498 3690 τὰ
2515 3637 2803 3704 ἐπουράνια
2824 3680 2838 3703 ,

511 3719 603 3771 καὶ
639 3717 700 3771 τὰ
734 3718 933 3785 ἐπίγεια
965 3716 1398 3785 προστεθήσεται.

378 3799 458 3848 34.
512 3815 572 3847 τα
605 3814 795 3861 εαυτης
829 3813 953 3847 cum
987 3794 1268 3846 EKML'H.
1304 3794 1342 3844 Δ
1384 3812 1443 3843 τα
1477 3810 1600 3857 περι
1634 3810 1813 3856 αυτης.

380 3874 498 3923 Vll:
552 3874 598 3924 2.
651 3869 988 3936 αντιμετρηθ.
1024 3889 1148 3922 curn
1182 3873 1456 3922 nonnullis
1491 3870 1820 3919 minusculis·

411 3949 459 3998 4.
512 3966 573 3997 εκ
610 3965 717 3997 του.
756 3946 1307 3998 EGKLMSUVXAII
1335 3949 1523 4012 legunt
1556 3963 1661 3996 απο
1697 3962 1805 3995 του.

412 4026 459 4074 5.
512 4040 605 4087 την
638 4023 757 4072 δοκ.
793 4041 855 4072 εκ
894 4041 936 4072 τ.
972 4041 1019 4072 ο.
1057 4040 1104 4073 σ.
1141 4041 1264 4075 cum
1298 4020 1808 4074 EGKLMSUVAH.

411 4100 458 4150 6.
512 4116 971 4164 καταπατήσουσιν
1005 4117 1129 4150 curn
1165 4101 1364 4162 BCLX,
1398 4099 1479 4149 33.
