3050 4459
1121 229 1323 281 ΚΑΤΑ
1361 228 1787 283 ΜΑΘΘΑΙΟΝ
2298 226 2394 288 18,
2429 226 2477 276 4.
2611 224 2678 274 39

218 318 275 325 —-

218 366 273 420 τὰ
320 365 538 429 παιδία,
585 364 650 419 ού
697 365 773 434 μὴ
821 365 1090 434 εἰσέλθητε
1133 366 1207 424 εἷς
1241 365 1336 433 τὴν
1368 366 1640 434 βασιλείαν
1674 373 1780 418 τῶν
1814 364 2078 432 οὐρανῶν.
2130 367 2162 415 4
2196 364 2336 420 ὅστις
2372 360 2468 413 οὖν
2501 379 2677 413 ταπει-

214 449 377 504 νώσει
429 449 618 503 ἑαυτὸν
668 450 747 509 ὡς
796 450 854 504 τὸ
904 451 1116 503 παιδίον
1166 458 1346 514 τοῦτο,
1399 450 1554 509 οὗτός
1600 450 1737 504 ἔστιν
1782 450 1815 501 ό
1855 450 2057 517 μείζων
2101 447 2158 500 ἓν
2202 454 2265 514 τῇ
2298 445 2535 514 βασιλείᾳ
2570 451 2676 496 τῶν

209 533 485 601 οὐρανῶν.
521 538 554 587 5
586 535 680 587 καὶ
716 536 775 593 ὃς
809 534 1118 602 α”νδὲξηται
1148 536 1204 586 ἓν
1229 535 1442 588 παιδίον
1470 542 1677 587 τοιοῦτο
1703 534 1790 587 ἐπὶ
1819 542 1893 601 τῷ
1922 533 2145 599 ὀνόματί
2167 551 2300 597 μου,
2330 529 2425 597 ἐμὲ
2453 528 2676 597 δέχεται.

210 623 246 673 6
280 620 346 678 ὃς
380 618 430 672 δ’
467 619 532 672 ἄν
566 619 892 687 σκανδαλίσῃ
927 620 1019 672 ἕνα
1055 625 1161 670 τῶν
1186 626 1403 686 μικρῶν
1432 620 1634 673 τούτων
1665 625 1772 672 τῶν
1795 620 2148 672 πιστευόντων
2176 617 2249 675 εἰς
2266 614 2388 683 ἐμέ,
2417 612 2677 680 συμφέρει
2733 601 2798 686 ἵζ’
2817 602 2916 688 ᾖξ’

210 704 368 770 αὐτῷ
412 705 497 756 ἵνα
544 704 832 770 κρεμασθῇ
876 704 1042 770 μύλος
1076 703 1255 762 ὀνικὸς
1287 705 1409 771 περὶ
1444 703 1534 756 τὸν
1568 704 1830 772 τράχηλον
1863 703 2027 756 αὐτοῦ
2063 701 2156 755 καὶ
2190 699 2589 765 καταποντισθῇ
2621 696 2679 749 ἐν

214 796 291 856 τῷ
339 788 550 856 πελάγει
598 795 693 855 τῆς
737 787 1024 855 θαλάσσης.
1077 791 1107 841 7
1161 787 1299 843 Οὐαὶ
1346 796 1421 855 τῷ
1461 789 1653 856 κόσμῳ
1687 788 1794 842 ἀπὸ
1829 795 1936 840 τῶν
1969 786 2302 840 σκανδάλων·
2337 782 2542 851 ἀνάγκη
2576 781 2677 849 γὰρ
2733 803 2790 836 ιω,
2816 803 2902 839 ιτ.ι

211 872 395 925 ἐλθεῖν
440 871 503 925 τὰ
548 871 851 936 σκάνδαλα,
893 872 1033 940 πλὴν
1077 872 1199 926 ούαί
1236 881 1310 940 τῷ
1344 873 1624 940 ἀνθρώπῳ
1659 873 1723 926 δι’
1763 872 1829 925 οἶ·
1864 872 1922 925 τὸ
1956 871 2254 925 σκάνδαλον
2289 870 2512 937 ἔρχεται.
2564 871 2598 919 8
2629 866 2680 918 εἰ

212 956 275 1010 δὲ
324 956 359 1024 ἦ
405 958 523 1024 χείρ
567 976 667 1009 σου
716 956 748 1024 ἢ
785 957 818 1007 ό
847 957 980 1015 πούς
1015 977 1113 1010 σου
1149 958 1483 1020 σκανδαλίζει
1519 978 1606 1021 σε,
1656 958 1905 1026 ἔκκοψον
1938 954 2099 1010 αὐτὸν
2132 955 2224 1007 καὶ
2257 954 2388 1023 βάλε
2421 950 2528 1005 ἀπὸ
2562 957 2674 1003 σοῦ·
2704 972 2771 1004 ne.
2790 973 2822 1006 e
2845 971 2899 1002 ιε.
2922 971 2963 1000 ⁴5

209 1041 385 1094 καλόν
437 1042 527 1094 σοί
569 1041 708 1093 ἐστιν
756 1041 1011 1094 εἰσελθεῖν
1056 1042 1131 1099 εἰς
1178 1041 1272 1109 τὴν
1319 1042 1468 1110 ζωὴν
1514 1041 1711 1095 κυλλὸν
1758 1042 1789 1110 ἢ
1831 1041 2037 1110 χωλόν,
2091 1040 2123 1108 ἢ
2159 1039 2259 1093 δύο
2291 1045 2473 1106 χεῖρας
2508 1035 2541 1103 ἢ
2578 1035 2677 1088 δύο

207 1126 385 1184 πόδας
432 1126 621 1193 ἔχοντα
666 1126 935 1195 βληθῆναι
980 1126 1055 1184 εἷς
1101 1126 1160 1178 τὸ
1199 1134 1307 1193 πῦρ
1342 1126 1401 1179 τὸ
1435 1126 1669 1180 αἰώνιον.
1721 1129 1755 1180 9
1788 1127 1882 1179 καὶ
1917 1127 1966 1178 εἰ
1998 1126 2030 1177 ό
2062 1124 2346 1193 ὀφθαλμός
2380 1141 2478 1174 σου
2513 1140 2675 1173 σκαν-
2730 1158 2762 1190 ,4
2768 1104 2914 1194 ⁵3²⁹„

210 1210 416 1272 δαλίζει
464 1230 553 1272 σε,
599 1209 742 1272 ἔξελε
775 1209 936 1263 αὐτὸν
969 1210 1062 1263 καὶ
1095 1210 1225 1278 βάλε
1259 1209 1365 1263 ἀπὸ
1401 1218 1515 1264 σοῦ·
1564 1211 1731 1264 καλόν
1765 1212 1854 1263 σοί
1881 1210 2019 1262 ἐστιν
2050 1208 2443 1277 μονόφθαλμον
2475 1205 2549 1264 είς
2581 1203 2677 1272 τὴν

210 1294 368 1362 ζωὴν
418 1294 700 1357 εἰσελθεῖν,
754 1294 785 1362 ἢ
833 1294 933 1347 δύο
980 1294 1268 1362 ὀφθαλμοὶ
1272 1315 1299 1353 ς
1345 1295 1532 1366 ἔχοντα
1578 1296 1846 1364 βληθῆναι
1884 1295 1958 1353 εἷς
1992 1294 2087 1362 τὴν
2120 1293 2329 1362 γέενναν
2365 1299 2455 1344 τοῦ
2488 1290 2674 1357 πυρός.

210 1382 282 1433 10
326 1379 515 1446 Ὁρᾶτε
564 1378 641 1446 μὴ
693 1380 1136 1447 καταφρονήσητε
1187 1379 1302 1438 ἐνὸς
1350 1386 1458 1432 τῶν
1498 1387 1715 1447 μικρῶν
1762 1379 1977 1433 τούτων·
2025 1378 2162 1447 λεγω
2202 1377 2301 1446 γὰρ
2349 1377 2474 1443 ύμῖν
2513 1376 2590 1426 ὅτι
2624 1374 2680 1426 οἱ

211 1464 424 1531 ἄγγελοι
476 1462 657 1516 αὐτῶν
705 1463 762 1515 ἕν
806 1464 1052 1530 οὐρανοῖς
1096 1463 1185 1516 διὰ
1226 1464 1420 1523 παντὸς
1464 1464 1751 1533 βλέπουσιν
1798 1464 1855 1516 τὸ
1887 1465 2179 1531 πρόσωπον
2213 1470 2305 1515 τοῦ
2338 1461 2535 1528 πατρός
2567 1478 2675 1526 μου

210 1556 309 1600 τοῦ
356 1567 414 1600 εν
458 1548 722 1614 οὐρανοῖς.
773 1551 841 1601 12
894 1550 958 1601 Τί
996 1549 1121 1615 ὑμῖν
1166 1548 1348 1612 δοκεῖ,·
1396 1547 1488 1601 ἐὰν
1528 1548 1743 1616 γένηταί
1771 1569 1867 1601 τινι
1900 1547 2178 1615 ἀνθρώπῳ
2211 1546 2402 1600 ἑκατὸν
2433 1545 2674 1612 πρόβατα
2704 1531 2856 1616 11:³5.
2859 1531 2952 1614 Ξ*

209 1632 309 1685 καὶ
358 1632 613 1700 πλανηθῇ
661 1632 717 1684 ἓν
766 1632 827 1694 ἐξ
875 1632 1083 1697 αὐτῶν,
1135 1632 1258 1701 οὐχι
1304 1631 1502 1701 ἀφήσει
1549 1633 1611 1687 τὰ
1660 1632 1974 1701 ἐνενήκοντα
2019 1631 2167 1693 ἐννέα
2212 1631 2296 1684 ἐπὶ
2345 1631 2406 1683 τὰ
2441 1631 2546 1697 ὄρη
2582 1627 2675 1681 καὶ

206 1716 504 1784 πορευθεὶς
539 1719 689 1786 ζητεῖ
716 1717 775 1769 τὸ
806 1717 1182 1785 πλανώμενον,·
1225 1721 1287 1770 13
1321 1738 1412 1770 και
1446 1717 1542 1771 ἐὰν
1575 1716 1783 1786 γένηται
1816 1717 1992 1784 εὑρεῖν
2025 1716 2184 1780 αὐτό,
2216 1715 2359 1784 ἀμὴν
2386 1715 2524 1783 λέγω
2552 1713 2677 1780 ὑμῖν

208 1803 293 1854 ὅτι
342 1802 516 1868 χαίρει
561 1800 643 1854 ἐπ’
688 1801 837 1868 αύτῷ
881 1802 1081 1869 μᾶλλον
1128 1802 1159 1869 ἢ
1202 1801 1286 1854 ἐπὶ
1321 1810 1428 1861 τοῖς
1461 1801 1776 1870 ἐνενήκοντα
1811 1800 1958 1854 ἐννέα
1993 1809 2100 1860 τοῖς
2131 1800 2209 1869 μὴ
2243 1798 2674 1867 πεπλανημένοις.

211 1889 281 1939 14
325 1887 501 1944 οὕτως
532 1884 639 1938 οὐκ
674 1886 812 1939 ἔστιν
844 1885 1054 1954 θέλημα
1088 1887 1392 1954 ἔμπροσθεν
1427 1894 1519 1939 τοῦ
1552 1888 1750 1954 πατρός
1782 1906 1890 1953 μου
1927 1894 2019 1939 τοῦ
2053 1885 2110 1939 ἐν
2144 1885 2391 1953 οὐρανοῖς
2426 1886 2509 1936 ἵνα
2543 1882 2676 1935 ἀπό-

210 1971 368 2038 ληται
403 1970 460 2022 ἓν
493 1977 601 2021 τῶν
631 1977 849 2038 μικρῶν
882 1970 1101 2024 τούτων.
1136 1973 1204 2024 15
1233 1970 1361 2024 Ἐὰν
1395 1970 1455 2024 δὲ
1488 1970 1768 2039 ἁμαρτήσῃ
1797 1971 1830 2023 ό
1855 1971 2089 2039 ἀδελφός
2117 1990 2245 2034 σου,
2274 1970 2441 2037 ὕπαγε
2468 1968 2677 2035 ἔλεγξον

214 2054 381 2108 αὐτὸν
412 2054 612 2120 μεταξί
647 2062 745 2107 σοῖ·
781 2075 873 2108 και
908 2055 1073 2108 αὐτοῦ
1105 2056 1292 2121 μόνου
1328 2054 1421 2108 ἐάν
1453 2074 1552 2108 σου
1587 2055 1825 2123 ἀκούσῃ,
1859 2054 2153 2123 ἐκέρδησας
2185 2054 2274 2106 τὸν
2299 2053 2533 2121 ἀδελφόν
2561 2071 2674 2104 σου.

214 2141 283 2192 16
330 2138 425 2192 ἐὰν
470 2137 530 2192 δὲ
572 2138 649 2206 μὴ
693 2139 931 2207 ἀκούσῃ,
975 2139 1250 2207 παράλαβε
1282 2139 1414 2206 μετὰ
1452 2148 1549 2192 σοῦ
1585 2140 1657 2192 ἔτι
1692 2141 1782 2193 ἕνα
1817 2140 1851 2208 ἢ
1888 2141 2016 2204 δύο,
2050 2141 2134 2192 ἴνα
2167 2139 2252 2191 επὶ
2288 2139 2543 2205 στόματος
2576 2135 2675 2188 δύο
2702 2123 2818 2209 ἵζ’·
2827 2124 2890 2210 ᾖ
2904 2123 2942 2208 ¹1⁵

212 2223 510 2290 μαρτύρων
560 2223 592 2291 ἢ
647 2230 808 2291 τριῶν
861 2225 1033 2291 σταθῇ
1082 2231 1188 2276 πᾶν
1238 2223 1402 2291 ρῆμα.
1470 2227 1535 2277 17
1581 2223 1677 2277 ἐὰν
1722 2223 1782 2277 δὲ
1824 2224 2144 2292 παρακούσῃ
2181 2222 2388 2285 αὐτῶν,
2431 2220 2578 2274 εἰπὸν
2612 2229 2676 2288 τῇ

213 2306 495 2374 ἐκκλησίᾳ·
542 2307 637 2362 ἐὰν
679 2306 739 2360 δὲ·
784 2307 876 2361 καὶ
919 2315 1010 2376 τῆς
1044 2307 1332 2375 ἐκκλησίας
1366 2308 1717 2376 παρακούσῃ,
1767 2309 1903 2361 ἔστω
1939 2328 2021 2361 σοι
2056 2309 2237 2375 ὥσπερ
2272 2307 2306 2359 ό
2335 2305 2549 2364 εθνικὸς
2583 2326 2676 2359 και

213 2392 247 2444 ὅ
299 2391 547 2459 τελώνης.
615 2394 682 2446 18
723 2391 883 2461 Ἀμὴν
926 2392 1064 2460 λέγω
1112 2393 1264 2459 ύμῖν,
1309 2394 1407 2445 ὅσα
1453 2392 1518 2446 ἂν
1559 2393 1753 2461 δήσητε
1786 2393 1870 2446 ἐπὶ
1905 2400 1998 2460 τῆς
2031 2401 2126 2462 γῆς
2160 2393 2301 2445 ἔσται
2334 2391 2586 2458 δεδεμένα
2619 2390 2676 2443 ἐν
2776 2407 2825 2440 1⁶.
2851 2407 2889 2436 ιε·

248 2589 301 2638 5.
354 2589 453 2638 Pro
486 2605 551 2637 αν
584 2587 776 2650 (DLZ)
810 2591 998 2653 legunt
1030 2588 1117 2641 nB
1148 2605 1255 2639 εαν.
1292 2589 1391 2638 Pro
1425 2604 1481 2637 εν
1514 2585 1658 2639 παιδ.
1697 2605 1900 2638 τοιουτο
1934 2588 2155 2652 (BDLZ,
2191 2604 2272 2654 vg.
2299 2586 2466 2649 aeth.)
2489 2588 2679 2651 legunt

353 2663 617 2714 EFHKM
623 2662 770 2714 UVF
760 2661 826 2713 Π
861 2661 1008 2714 παιδ.
1056 2680 1263 2713 τοιουτο
1309 2681 1380 2714 εν.
1435 2665 1516 2717 &G
1552 2672 1693 2729 sym)
1732 2679 1863 2714 arm.
1896 2662 2041 2714 παιδ.
2075 2681 2132 2713 εν
2167 2679 2388 2713 τοιουτο.
2441 2663 2539 2712 Pro
2573 2678 2677 2710 τοι-

355 2755 482 2789 ουτο
516 2738 1042 2802 (κΒΚΔΜΒὛΖΔΠ)
1078 2743 1268 2802 legunt
1300 2740 1401 2790 DX
1433 2756 1685 2790 τοιουτον.

242 2815 297 2867 6.
355 2815 455 2865 Pro
485 2831 606 2878 περι
640 2813 862 2877 (κΒΕΖ)
896 2817 1087 2880 legunt
1117 2815 1224 2865 DU
1251 2831 1353 2875 επι,
1389 2812 1595 2864 ΧΓΔΙΙ
1620 2832 1710 2871 εις.

245 2892 297 2942 7.
356 2892 481 2940 Post
512 2907 718 2955 αναγκη
754 2908 854 2954 γαρ
889 2892 1079 2956 legunt
1113 2892 1198 2943 RD
1230 2907 1381 2939 εστιν.
1435 2890 1561 2940 Post
1593 2888 1749 2953 ανθρ.
1785 2892 1974 2954 legunt
2007 2889 2227 2954 BEGH,
2262 2903 2343 2954 vg.
2379 2904 2587 2938 εκεινω.

244 2967 299 3016 8.
354 2967 456 3016 Pro
489 2981 651 3015 αυτον
684 2964 899 3030 (nBDL,
936 2968 994 3016 it.
1029 2982 1113 3031 vg.
1146 2968 1259 3016 sah.
1295 2973 1463 3029 syncu
1480 2962 1669 3024 etech.)
1705 2967 1894 3028 legunt
1929 2962 2142 3028 ΧΓΔΠ,
2176 2970 2311 3028 copt.
2346 2973 2485 3028 sym)
2529 2980 2677 3013 αυτα.

354 3037 505 3091 κυλλ.
539 3057 572 3105 η
609 3038 739 3105 χωλ.
776 3057 900 3092 cum
935 3043 1021 3094 κΒ
1055 3057 1135 3105 vg.
1186 3038 1317 3105 χωλ.
1355 3058 1387 3104 η
1425 3037 1574 3091 κυλλ.
1610 3056 1733 3091 eum
1769 3040 1882 3103 DE,
1918 3055 1963 3104 e,
1998 3055 2050 3104 q,
2085 3042 2198 3090 sah.
2235 3045 2369 3102 copt.

208 3118 294 3170 10.
354 3118 453 3167 Pro
496 3133 554 3165 εν
599 3133 847 3180 ουρανοις
880 3116 1033 3180 (RDL
1047 3114 1316 3179 VXI'AH)
1356 3118 1484 3181 legit
1517 3118 1567 3166 B
1597 3133 1654 3166 εν
1690 3133 1764 3166 τω
1801 3133 2031 3180 ουρανω.
2092 3114 2150 3180 Γ,
2186 3132 2232 3180 e,
2270 3115 2336 3165 ss'l
2373 3115 2485 3166 sah.
2519 3115 2678 3165 omit-

352 3197 481 3242 tunt
512 3209 569 3240 εν
602 3209 718 3256 ουρ.

212 3270 297 3320 11.
353 3264 491 3332 ηλθε
534 3284 635 3330 γαρ
684 3284 714 3316 ο
764 3265 829 3329 (Δ
880 3268 1104 3330 omittit)
1150 3285 1264 3324 υιος
1310 3285 1403 3319 του
1448 3265 1744 3334 ανθρωπου
1791 3285 1958 3318 σωσαι
2007 3285 2067 3317 το
2101 3263 2378 3322 απολωλος
2412 3267 2683 3317 invenitur

354 3340 642 3393 ΒΙΧΓΔΠ
680 3359 761 3407 vg.
807 3354 975 3408 synon
998 3351 1054 3394 et
1078 3348 1170 3384 utr.
1201 3360 1331 3395 arm.
1368 3347 1508 3395 aeth.
1563 3344 1745 3408 aelst,
1781 3361 1827 3409 e,
1865 3343 1951 3408 ΠΙ,
1985 3344 2098 3394 sah.
2134 3348 2266 3407 copt.
2303 3340 2480 3407 synhr·
2511 3340 2596 3391 Or.
2631 3339 2679 3404 3,

351 3417 454 3468 610
486 3419 762 3469 omittunt.
815 3418 892 3469 Cf.
931 3420 1014 3471 Le.
1049 3420 1115 3469 19
1151 3435 1162 3469 :
1197 3419 1276 3470 10.

210 3494 296 3546 12.
358 3509 556 3558 αφησει
593 3531 605 3544 .
642 3532 654 3545 .
693 3532 704 3545 .
751 3510 844 3543 και
892 3491 1179 3558 πορευθεις
1225 3511 1350 3546 cum
1404 3496 1494 3546 BL
1542 3512 1645 3546 am.
1691 3511 1820 3546 arm.
1871 3497 2012 3546 aeth.
2060 3510 2216 3559 αφεις
2251 3532 2263 3544 .
2302 3531 2315 3545 .
2351 3531 2361 3543 .
2395 3491 2679 3557 πορευθεις

351 3585 475 3620 cum
510 3568 1239 3630 „EFGHIKMSUVXFAIL
1274 3586 1324 3634 q,
1361 3586 1464 3634 syr.

212 3646 297 3697 14.
349 3661 459 3708 μου
506 3660 631 3694 cum
676 3642 913 3694 BFHIF
937 3648 1049 3695 sah.
1084 3651 1218 3710 copt.
1255 3642 1466 3709 syr.00d·
1507 3655 1648 3708 syr-,p
1689 3661 1820 3696 arm.
1858 3648 2000 3696 aeth.
2052 3661 2208 3707 υμων
2241 3660 2362 3694 cum
2398 3641 2687 3696 ⁸DLXAH

352 3719 414 3769 it.
453 3734 533 3783 vg.
568 3745 635 3753 —
669 3735 742 3774 εις
779 3735 901 3768 cum
939 3721 969 3769 I
1001 3736 1093 3784 pro
1127 3737 1184 3769 εν
1218 3736 1343 3770 curn
1380 3720 1717 3772 &BDLMmg-
1754 3720 1820 3772 e*
1855 3722 1988 3771 harl.

213 3798 296 3849 15.
356 3796 482 3845 Post
532 3812 693 3859 αμαρ.
746 3798 935 3860 legunt
982 3796 1064 3845 DI
1100 3797 1157 3846 it.
1207 3811 1288 3860 vg.
1336 3801 1473 3859 copt.
1518 3805 1683 3861 syr-5²11
1717 3812 1794 3851 εις
1828 3812 1903 3848 σε.
1956 3799 2080 3847 Post
2113 3812 2279 3860 υπαγε
2316 3798 2505 3859 legunt
2539 3794 2569 3843 I
2600 3811 2678 3859 vg.

353 3877 491 3934 copt.
524 3872 667 3921 aeth.
702 3887 813 3921 και.

211 3949 298 3999 16.
352 3947 454 3996 Pro
511 3961 608 3995 σου
656 3945 832 4008 (Bm)
878 3947 1070 4010 legunt
1114 3947 1316 4010 nKLM,
1363 3945 1450 3996 Or.
1495 3946 1545 4009 3,
1593 3945 1688 3996 611
1740 3963 1980 3997 σεαυτου.
2049 3947 2113 4009 Β,
2161 3945 2245 4011 ίὶἹ,
2291 3951 2425 4009 copt.
2476 3951 2683 4009 ponunt

349 4038 483 4084 μετα
519 4038 615 4071 σου
652 4026 771 4086 post
803 4020 919 4072 δυο.

210 4099 299 4150 18.
355 4113 454 4146 οσα
503 4113 597 4147 εαν
646 4099 818 4161 primo
871 4100 982 4149 loco
1034 4113 1158 4148 cum
1212 4095 1386 4161 κΙΧΔ,
1438 4097 1524 4148 Or.
1559 4096 1606 4160 3,
1642 4097 1758 4148 612.
1824 4114 1922 4147 οσα
1972 4114 2064 4146 εαν
2114 4097 2344 4147 secundo
2395 4098 2507 4146 loeo
2555 4110 2679 4145 curn
