3050 4459
413 240 511 290 402
643 241 738 305 21,
771 240 852 290 35.
1210 237 1550 289 ΠΡΑΞΕΙΣ
1579 236 2066 291 ΑΠΟΣΤΟΛΩΝ

413 384 488 442 τῷ
524 376 684 443 ὄχλῳ·
719 375 796 443 μὴ
833 375 1127 441 δυναμένου
1165 373 1225 427 δὲ
1258 374 1419 428 αὐτοῦ
1455 381 1650 441 γνῶναι
1688 374 1745 426 τὸ
1778 372 2012 441 ἀσφαλὲς
2046 373 2134 426 διὰ
2169 374 2258 426 τὸν
2293 376 2557 442 θόρυβον,
2591 376 2872 428 ἐκέλευσεν

412 459 635 527 ἄγεσθαι
687 458 847 512 αὐτὸν
895 460 969 517 εἷς
1022 457 1116 526 τὴν
1162 458 1521 527 παρεμβολήν.
1572 459 1639 510 35
1688 460 1774 509 ὅτε
1824 457 1884 510 δὲ
1933 457 2132 525 ἐγένετο
2182 457 2267 510 ἐπὶ
2317 458 2439 517 τοὺς
2487 458 2878 527 ἀναβαθμούς,

202 539 255 575 ²²⁹
276 539 318 569 ²²
413 542 607 611 συνέβη
640 543 997 610 βαστάζεσθαι
1033 542 1194 596 αὐτὸν
1228 542 1330 595 ὑπὸ
1366 549 1474 594 τῶν
1507 549 1843 609 στρατιωτῶν
1876 541 1963 594 διὰ
1999 541 2095 609 τὴν
2126 542 2250 611 βίαν
2285 550 2377 595 τοῦ
2414 543 2591 610 ὄχλου·
2630 546 2698 596 36
2731 543 2868 611 ἠκο-

162 590 220 623 Lc.
242 592 294 628 23,
320 591 360 622 1⁸

412 628 597 679 λούθει
641 627 739 695 γὰρ
786 627 844 680 τὸ
883 628 1093 695 πλῆθος
1129 635 1220 679 τοῦ
1255 628 1385 679 λαοῦ
1420 627 1720 694 κράζοντες·
1757 625 1874 693 αἶρε
1909 626 2084 679 αὐτόν.
2137 630 2201 679 37
2234 627 2444 693 μέλλων
2477 647 2530 679 τε
2562 628 2870 695 εἰσάγεσθαι

412 711 486 770 εἰς
519 711 614 779 τὴν
645 710 988 780 παρεμβολὴν
1021 711 1052 763 ὁ
1084 711 1303 770 Παῦλος
1335 710 1468 778 λέγει
1503 720 1580 778 τῷ
1612 710 1889 779 χιλιάρχῳ·
1926 711 1975 763 εἷ
2005 711 2201 773 ἔξεστίν
2226 731 2318 778 μοι
2347 712 2509 764 εἰπεῖν
2538 733 2582 765 τι
2610 711 2744 779 πρὸς
2773 713 2834 765 σέ
2844 734 2867 775 ‚-

203 821 247 860 (5,
267 819 324 862 36)
414 795 445 846 ὁ
478 794 537 847 δὲ
570 795 691 863 ἔφη·
727 794 979 863 ἑλληνιστὶ
1012 794 1320 862 γινώσκεις,·
1373 798 1440 848 38
1474 794 1577 847 οὐκ
1613 796 1718 862 ἄρα
1752 794 1817 848 σὺ
1852 793 1906 847 εἶ
1933 795 1966 846 δ
1999 795 2310 862 Αἰγύπτιος,
2345 797 2377 848 ὁ
2404 796 2509 863 πρὸ
2535 797 2735 849 τούτων
2757 802 2871 849 τῶν

415 879 633 947 ἡμερῶν
677 879 1050 938 ἀναστατώσας
1094 879 1186 932 καὶ
1232 878 1503 947 ἐξαγαγὼν
1548 880 1623 939 εἰς
1668 880 1762 948 τὴν
1802 881 2003 947 ἔρημον
2035 879 2159 939 τοὺς
2194 881 2636 948 τετρακισχιλίους
2669 881 2869 947 ἄνδρας

212 990 264 1023 22.
286 990 309 1018 a
416 970 522 1015 τῶν
565 964 828 1030 σικαρίων
839 984 857 1024 ;
910 965 977 1016 39
1021 962 1164 1015 εἶπεν
1210 963 1270 1015 δὲ
1312 964 1343 1014 ὁ
1385 963 1618 1022 Παῦλος·
1665 962 1771 1031 ἐγὼ
1807 964 2097 1031 ἄνθρωπος
2130 963 2228 1031 μέν
2261 964 2367 1031 εἰμι
2397 963 2682 1027 Ἰουδαῖος,
2730 964 2868 1030 Ταρ-

416 1047 535 1106 σεύς
549 1087 563 1111 ,
614 1055 703 1116 τῆς
753 1048 998 1105 Κιλικίας
1048 1046 1150 1099 οὐκ
1197 1047 1409 1115 ἀσήμου
1454 1048 1661 1106 πόλεως
1704 1048 1934 1115 πολίτης·
1971 1047 2154 1114 δέομαι
2191 1049 2252 1099 δέ
2283 1067 2411 1111 σου,
2455 1047 2743 1115 ἐπίτρεψόν
2772 1067 2870 1113 μοι

415 1132 635 1200 λαλῆσαι
682 1131 816 1200 πρὸς
868 1131 957 1185 τὸν
1004 1133 1146 1185 λαόν.
1198 1135 1265 1185 40
1315 1131 1693 1201 ἐπιτρέψαντος
1741 1132 1801 1185 δὲ
1852 1132 2045 1196 αὐτοῦ,
2097 1132 2128 1183 ὁ
2177 1133 2394 1191 Παῦλος
2442 1132 2608 1191 ἑστὼς
2642 1132 2725 1184 ἐπὶ
2761 1138 2872 1184 τῶν

414 1215 747 1283 ἀναβαθμῶν
780 1216 1076 1269 κατέσεισεν
1109 1224 1173 1284 τῇ
1206 1217 1345 1285 χειρὶ
1380 1225 1455 1283 τῷ
1488 1217 1619 1282 λαῷ·
1653 1217 1851 1285 πολλῆς
1880 1215 1939 1269 δὲ
1968 1224 2115 1284 σιγῆς
2144 1216 2421 1284 γενομένης
2449 1216 2874 1284 προσεφώνησεν

417 1308 479 1368 τῇ
509 1300 747 1369 Ἐβραΐδι
782 1300 1042 1367 διαλέκτῳ
1075 1300 1257 1369 λέγων·

1559 1479 1722 1527 xxll.

482 1652 506 1702 1
553 1650 764 1715 Ἄνδρες
809 1649 1031 1717 ἀδελφοὶ
1073 1649 1167 1701 καὶ
1212 1649 1460 1715 πατέρες,
1503 1648 1769 1701 ἀκούσατέ
1810 1669 1918 1714 μου
1961 1656 2052 1716 τῆς
2084 1647 2220 1714 πρὸς
2255 1648 2390 1714 ὑμᾶς
2423 1647 2537 1700 νυνὶ
2569 1647 2870 1714 ἀπολογίας.

415 1738 449 1787 9.
491 1734 811 1792 ἀκούσαντες
857 1733 916 1787 δὲ
962 1735 1040 1786 ὅτι
1086 1742 1147 1800 τῇ
1180 1733 1419 1802 Ἐβραΐδι
1454 1733 1716 1799 διαλέκτῳ
1748 1734 2086 1801 προσεφώνει
2121 1732 2297 1791 αὐτοῖς
2311 1773 2326 1796 ,
2369 1733 2570 1798 μᾶλλον
2599 1732 2872 1800 παρέσχον

416 1819 656 1887 ἡσυχίαν.
708 1820 806 1871 καί
853 1835 1031 1886 φησιν·
1089 1821 1122 1872 3
1170 1817 1276 1886 ἐγώ
1326 1819 1433 1884 εἰμι
1482 1817 1618 1886 ἀνὴρ
1665 1817 1952 1881 Ἰουδαῖος,
2001 1818 2367 1885 γεγεννημένος
2417 1817 2473 1870 ἐν
2533 1818 2722 1885 Ταρσῷ
2773 1825 2870 1884 τῆς

204 1914 257 1951 ²¹,
278 1915 321 1946 ³⁹
416 1903 684 1966 Κιλικίας,
729 1903 1191 1970 ἀνατεθραμμένος
1241 1903 1301 1955 δὲ
1353 1903 1408 1954 ἐν
1460 1910 1521 1969 τῇ
1571 1903 1718 1954 πόλει
1769 1902 1960 1969 ταύτῃ,
2008 1902 2154 1969 παρὰ
2204 1902 2325 1960 τοὺς
2374 1903 2544 1961 πόδας
2595 1904 2648 1956 Γ
2639 1901 2870 1970 αμαλιὴλ

224 1991 254 2030 ⁵»
275 1995 315 2025 ³⁴
410 1986 822 2055 πεπαιδευμένος
856 1987 969 2039 κατ’
1008 1987 1311 2054 ἀκρίβειαν,
1347 1994 1437 2040 τοῦ
1471 1986 1725 2054 πατρῴου
1761 1988 1928 2053 νόμου
1960 1987 2202 2055 ζηλωτὴς
2231 1987 2491 2054 ὑπάρχων
2523 1988 2646 2054 [τοῦ
2671 1988 2803 2040 θεοῦ
2801 1988 2837 2056 ]
2855 2028 2871 2052 ,

178 2057 332 2146 ²⁶25?ss
413 2071 606 2131 καθὼς
642 2072 837 2133 ,πάντες
882 2072 1032 2137 ὑμεῖς
1076 2070 1189 2124 ἐστὲ
1223 2071 1483 2139 σήμερον,
1537 2075 1569 2125 4
1602 2073 1660 2130 ὃς
1695 2071 1887 2138 ταύτην
1923 2071 2017 2138 τὴν
2052 2072 2178 2124 ὁδὸν
2210 2071 2409 2134 ἐδίωξα
2443 2071 2568 2139 ἄχρι
2603 2072 2872 2137 θανάτου,

416 2295 496 2342 35.
547 2292 763 2357 βασταζ.
799 2309 988 2343 αυτον.·
1023 2295 1072 2342 D
1107 2310 1195 2341 τον
1226 2289 1427 2342 παυλον
1459 2289 1778 2356 βασταζεσθ.

416 2369 495 2419 36.
548 2367 831 2431 κραζοι·τες
883 2385 1005 2418 eum
1055 2369 1304 2421 κΑΒΕεΥ·
1351 2375 1449 2419 cat,
1504 2365 1685 2432 vgssod.
1724 2365 1929 2432 synflch·
2010 2366 2213 2430 κραζον
2258 2383 2381 2418 cum
2429 2368 2639 2431 DHLI’,
2688 2383 2732 2432 e,
2783 2386 2866 2434 vg.

548 2453 805 2508 syr.1³.—-
842 2445 1015 2494 Naber
1057 2444 1443 2509 (Mnemosyne,
1486 2442 1636 2507 1881,
1690 2458 1735 2506 p.
1781 2442 1904 2504 290)
1950 2444 2101 2493 dicit:
2151 2444 2308 2493 Moris
2356 2448 2438 2493 est
2481 2443 2708 2494 scribere
2754 2440 2868 2509 αἶρ’

547 2514 663 2583 αἶρε
696 2515 868 2569 αὐτόν.
921 2519 1138 2570 Confert
1172 2521 1254 2571 Le.
1291 2520 1322 2569 8
1354 2535 1364 2569 :
1396 2519 1477 2582 24,
1519 2519 1585 2569 10
1615 2534 1626 2567 :
1657 2518 1738 2583 41,
1771 2517 1838 2568 13
1868 2533 1879 2568 ε
1911 2517 1994 2581 35,
2026 2517 2093 2568 23
2122 2533 2134 2567 :
2166 2519 2247 2582 18,
2280 2519 2361 2583 21,
2396 2520 2511 2570 soh.
2547 2519 2613 2568 19
2650 2534 2662 2568 t
2697 2520 2746 2572 6.
2783 2520 2868 2584 15,

549 2600 661 2648 Act.
696 2596 761 2647 19
790 2613 801 2647 z
833 2597 899 2646 34
932 2603 1033 2647 ete.
1066 2623 1132 2631 —
1165 2598 1283 2647 Dgr.
1317 2596 1499 2646 scribit
1532 2591 1862 2657 αναιρεισθαι
1895 2609 2057 2643 αυτον
2092 2610 2182 2657 pro
2217 2610 2334 2656 αιρε
2366 2611 2543 2644 αυτον.

414 2673 496 2725 37.
547 2690 577 2723 ο
608 2671 806 2728 παυλος
841 2677 996 2736 (arm.
1031 2679 1154 2723 ante
1189 2690 1261 2727 εις
1296 2689 1406 2737 την,
1439 2673 1690 2723 similiter
1723 2676 1918 2735 transp.
1954 2671 2065 2720 sah.
2102 2671 2219 2733 al.):
2254 2671 2303 2720 D
2331 2672 2534 2721 omittit
2567 2669 2680 2733 (sed
2707 2673 2772 2722 cf.
2798 2673 2866 2721 ad

551 2767 594 2800 v.
630 2749 732 2814 35).
802 2767 848 2798 τι
894 2765 1015 2799 eum
1062 2751 1245 2802 &ABE
1278 2757 1376 2799 cat.
1413 2765 1494 2814 vg.
1530 2747 1667 2810 (sah.
1703 2746 1951 2810 verbum)
1986 2753 2122 2810 copt.
2156 2755 2312 2810 syr-J).
2363 2746 2636 2797 Omittunt
2668 2747 2870 2796 DHLP

548 2829 639 2877 tol.
675 2835 813 2891 synp
852 2842 983 2877 arm.

415 2903 495 2954 39.
557 2901 789 2967 Ταρσευς
810 2929 877 2937 -
898 2898 1142 2965 πολιτηςε
1178 2903 1226 2950 D
1258 2917 1314 2948 εν
1358 2897 1404 2949 T
1397 2915 1549 2963 αρσω
1586 2896 1645 2948 δε
1681 2915 1771 2962 της
1807 2895 2050 2953 Ktimene,-
2071 2914 2870 2962 γεγειψημενος.-επιτρεψον.·

549 2981 599 3029 D
633 2993 990 3043 συνχωρησαι.

418 3055 498 3104 40.
549 3071 828 3119 γενομενης
874 3068 997 3104 cum
1043 3053 1387 3106 nBDEHLP.
1468 3068 1751 3115 γεναμενης
1797 3065 1922 3101 cum
1969 3051 2033 3100 A.
2079 3076 2145 3084 -
2190 3051 2254 3113 Β,
2298 3049 2380 3113 69,
2427 3049 2540 3112 105,
2588 3057 2706 3098 8⁵0¹·-
2739 3054 2869 3098 ante

551 3148 697 3195 σιγης
732 3137 951 3195 ponunt.
984 3156 1051 3164 —
1085 3130 1133 3179 D
1165 3130 1295 3194 legit
1329 3144 1575 3192 ησυχειας
1610 3143 1701 3190 pro
1736 3142 1900 3190 σιγης.

418 3207 589 3257 xxll:
625 3207 671 3257 1.
724 3208 902 3257 Naber
946 3206 1330 3269 (Mnemosyne,
1364 3204 1513 3267 1878,
1551 3221 1597 3267 p.
1631 3203 1720 3265 91)
1765 3203 1895 3267 legit
1926 3218 2034 3265 μοι.
2069 3228 2136 3236 —
2169 3218 2282 3250 νυνι
2316 3217 2437 3251 cum
2472 3200 2868 3254 nABDEHLP.

551 3301 646 3332 νυν
680 3299 801 3334 cum
838 3284 1166 3333 minusculis,

450 3361 498 3410 2.
547 3375 886 3423 προσεφώνει
921 3375 1043 3409 cum
1080 3358 1262 3411 nABP
1295 3355 1465 3421 vg.0¹0·
1498 3353 1860 3420 (loqueretur)
1893 3354 2084 3403 demid.
2121 3352 2488 3417 (loquebatur)
2521 3351 2723 3418 synsch.
2752 3353 2867 3403 sah,

552 3443 684 3499 copt.
732 3437 872 3486 aeth.
908 3463 975 3469 ——
1024 3435 1063 3483 L
1109 3441 1211 3484 cat.
1258 3441 1399 3497 sym)
1447 3445 1886 3496 προσεφώνησεν,
1932 3444 1961 3477 e
2006 3430 2284 3479 adlocutus
2329 3436 2423 3479 est.
2457 3455 2522 3463 —-
2555 3444 2868 3492 προσφώνει

552 3526 673 3559 curn
710 3511 865 3561 DEH
898 3526 1000 3560 am.
1041 3512 1112 3560 fu.
1152 3513 1239 3560 tol.

450 3585 498 3636 3.
549 3602 654 3649 εγω
689 3588 803 3636 sine
836 3604 935 3650 μεν
969 3603 1093 3637 cum
1128 3584 1375 3648 RABDE,
1409 3583 1459 3647 3,
1490 3582 1572 3647 13,
1608 3582 1691 3645 18,
1724 3580 1993 3644 95*,,105,
2028 3569 2146 3644 18οζ
2178 3591 2316 3646 aser„
2349 3589 2451 3632 cat.
2486 3597 2565 3646 vg.
2595 3583 2708 3632 sah.
2734 3596 2869 3633 alm.

551 3662 770 3712 Addunt
801 3678 899 3724 μεν
934 3662 1082 3710 HLP
1116 3669 1248 3725 copt.
1285 3670 1422 3724 sym)
1462 3660 1700 3709 aeth.ut1·-
1766 3673 1933 3707 κατα.·
1976 3658 2030 3720 B,
2055 3656 2116 3706 31
2145 3674 2262 3707 κατ.
2317 3658 2687 3708 Hemsterhuis
2711 3658 2870 3722 legit:

547 3735 958 3799 πεπαιδευμενος
1010 3753 1112 3786 κατ
1158 3733 1434 3800 ακριβειαν
1480 3752 1571 3784 τον
1612 3750 1861 3797 πατρωον
1904 3749 2082 3795 νομον.
2148 3734 2224 3783 Cf.
2262 3735 2319 3784 V.
2355 3736 2403 3784 d.
2439 3734 2488 3784 S.
2525 3735 2869 3798 Bakhuyzen.

552 3811 865 3874 Peerlkamp
899 3813 1025 3862 dicit
1058 3807 1172 3860 κατ’
1211 3809 1489 3875 ακριβειαν
1515 3827 1576 3855 =
1602 3807 1844 3874 ακριβως
1879 3807 2006 3871 (non
2042 3826 2178 3859 κατα
2214 3826 2307 3873 την
2340 3807 2615 3874 ακριβειαν
2650 3817 2706 3860 et
2740 3813 2873 3876 legit

551 3895 609 3936 ut
658 3902 768 3949 nOS,
814 3889 903 3936 sed
951 3893 1126 3937 servat
1162 3904 1253 3936 του
1289 3884 1420 3936 θεου
1459 3893 1577 3950 post
1609 3903 1882 3951 υπαρχων.
1938 3886 2154 3937 Confert
2187 3887 2214 3936 1
2255 3888 2433 3937 Thess.
2469 3887 2501 3936 2
2537 3901 2549 3937 :
2585 3885 2665 3936 13.
2722 3888 2873 3938 Blass

550 3964 711 4012 etiam
773 3965 905 4025 legit
961 3968 1022 4012 ut
1072 3979 1194 4025 nos,
1258 3965 1347 4013 sed
1401 3964 1604 4013 omittit
1651 3978 1775 4013 cum
1827 3971 1966 4027 synt)
2021 3962 2086 4013 c*
2140 3978 2230 4012 του
2279 3960 2427 4012 θεου.
2496 3964 2870 4028 Tischendorf,

551 4037 969 4089 Westcott-Hort
1014 4045 1070 4088 et
1114 4039 1281 4089 Weiss
1315 4040 1509 4089 edunt:
1561 4035 1974 4102 πεπαιδευμενος
2008 4054 2143 4087 κατα
2177 4036 2454 4103 ακριβειαν
2487 4056 2580 4088 του
2613 4055 2871 4103 πατρωου

548 4127 729 4174 νομου,
766 4108 1004 4175 ζηλωτης
1040 4129 1299 4177 υπαρχων
1334 4131 1424 4163 του
1462 4112 1593 4163 θεου
1629 4112 1821 4170 καθώς
1855 4111 1966 4163 κτλ.
