3050 4459
193 1494 266 1527 Act.
290 1496 318 1532 1,
343 1496 357 1526 1

142 1741 152 1771 Ι
174 1741 255 1773 Chr.
276 1742 328 1780 24,
353 1744 393 1774 1⁰

1250 893 2061 962 RATA.A0rKAR

1647 1145 1683 1193 Ι.

496 1319 522 1369 1
561 1315 879 1384 Ἐπειδήπερ
911 1314 1096 1367 πολλοὶ
1130 1314 1475 1382 ἐπεχείρησαν
1507 1313 1869 1376 ἀνατάξασθαι
1904 1313 2143 1382 διήγησιν
2175 1314 2296 1381 περὶ
2332 1322 2438 1368 τῶν
2469 1316 2880 1385 πεπληροφορη-

428 1400 608 1466 μένων
651 1400 708 1452 ἕν
742 1400 870 1467 ἡμῖν
900 1399 1256 1467 πραγμάτων,
1301 1403 1334 1451 2
1368 1397 1562 1457 καθὼς
1593 1399 1895 1464 παρέδοσαν
1929 1398 2057 1466 ἡμῖν
2091 1399 2146 1450 οἵ
2174 1398 2261 1451 ἀπ’
2300 1398 2471 1467 ἀρχῆς
2505 1399 2756 1453 αὐτόπται
2791 1400 2880 1453 καὶ

429 1485 683 1552 ὑπηρέται
732 1485 1000 1552 γενόμενοι
1052 1492 1144 1536 τοῦ
1190 1484 1377 1551 λόγου,
1444 1487 1477 1536 3
1521 1483 1673 1545 ἔδοξε
1717 1482 1884 1549 κάμοὶ
1927 1484 2435 1551 παρηκολουθηκότι
2481 1485 2696 1538 ἄνωθεν
2726 1493 2882 1538 πᾶσιν

430 1569 672 1638 ἀκριβῶς
716 1569 956 1636 καθεξῆς
1002 1588 1084 1620 σοι
1131 1567 1364 1636 γράψαι,
1411 1567 1657 1634 κράτιστε
1703 1566 1960 1635 Θεόφιλε,
2012 1571 2045 1621 4
2078 1569 2161 1621 ἵνα
2195 1568 2419 1636 ἐπιγνῷς
2450 1569 2572 1636 περὶ
2607 1569 2686 1622 ὧν
2717 1590 2880 1637 κατη-

427 1654 606 1722 χήθης
637 1654 811 1721 λόγων
845 1652 939 1720 τὴν
972 1652 1279 1720 ἀσφάλειαν.

495 1742 528 1790 5
569 1737 803 1805 Ἐγένετο
847 1736 904 1790 ἕν
950 1745 1060 1796 ταῖς
1101 1737 1322 1804 ἡμέραις
1351 1736 1609 1803 Ἡρώδου
1642 1736 1904 1803 βασιλέως
1937 1744 2028 1804 τῆς
2060 1737 2319 1796 Ἰουδαίας
2354 1739 2524 1804 ἱερεύς
2558 1759 2633 1797 τις
2667 1738 2882 1805 ὀνόματι

428 1822 699 1890 Ζαχαρίας
732 1821 792 1882 ἐξ
823 1820 1119 1889 ἐφημερίας
1149 1819 1319 1888 Ἀβιά,
1366 1821 1459 1873 καί
1493 1820 1625 1888 γυνὴ
1661 1820 1809 1886 αὐτῷ
1844 1821 1907 1873 ἐκ
1943 1827 2051 1873 τῶν
2084 1821 2396 1889 θυγατέρων
2424 1822 2651 1890 Ἀαρών,
2696 1824 2790 1876 καὶ
2822 1824 2881 1875 τό

429 1908 596 1973 ὄνομα
642 1905 806 1972 αὐτῆς
839 1904 1127 1973 Ἐλισάβετ.
1177 1909 1210 1957 6
1244 1904 1380 1972 ἦσαν
1414 1903 1473 1957 δὲ
1507 1905 1706 1957 δίκαιοι
1742 1905 2036 1972 ἀμφότεροι
2068 1906 2301 1958 ἐναντίον
2335 1914 2427 1959 τοῦ
2462 1908 2624 1971 θεοῦ,
2657 1909 2882 1975 πορευό-

427 2011 577 2056 μενοι
617 1990 675 2042 ἒν
716 1989 908 2048 πάσαις
955 1997 1064 2047 ταῖς
1108 1989 1339 2046 ἐντολαῖς
1379 1989 1471 2041 καὶ
1507 1988 1865 2056 δικαιώμασιν
1898 1997 1991 2041 τοῦ
2025 1991 2218 2056 κυρίου
2253 1991 2532 2056 ἄμεμπτοι.
2586 1995 2614 2044 7
2650 1992 2743 2044 καὶ
2777 1992 2881 2045 οὐκ

428 2075 495 2143 ἦν
527 2075 706 2132 αὐτοῖς
739 2075 951 2138 τέκνον,
997 2075 1191 2127 καθότι
1227 2073 1294 2141 ἦν
1327 2073 1361 2141 ἦ
1394 2073 1665 2142 Ἐλισάβετ
1699 2081 1904 2140 στεῖρα,
1945 2074 2038 2128 καὶ
2072 2075 2364 2142 ἀμφότεροι
2395 2076 2793 2144 προβεβηκότες
2827 2076 2884 2129 ἐν

432 2167 539 2217 ταῖς
584 2158 805 2226 ἡμέραις
849 2158 1029 2211 αὐτῶν
1075 2157 1224 2225 ἦσαν.
1276 2160 1308 2210 8
1353 2157 1554 2225 ἐγένετο
1601 2157 1661 2209 δὲ
1705 2158 1773 2210 ἐν.
1807 2165 1882 2225 τῷ
1919 2158 2201 2225 ἱερατεύειν
2233 2157 2394 2211 αὐτὸν
2426 2158 2482 2210 ἐν
2517 2167 2579 2226 τῇ
2614 2159 2754 2221 τάξει
2790 2167 2883 2229 τῆς

427 2243 720 2310 ἐφημερίας
769 2242 933 2295 αὐτοῦ
985 2243 1152 2294 ἔναντι
1207 2249 1298 2294 τοῦ
1351 2242 1513 2304 θεοῦ,
1582 2245 1615 2294 9
1664 2242 1801 2296 κατὰ
1854 2242 1910 2295 τὸ
1961 2244 2087 2301 ἔθος
2139 2250 2230 2310 τῆς
2281 2243 2533 2309 ἵερατειάς
2582 2244 2737 2312 ἔλαχε
2789 2254 2882 2299 τοῦ

428 2328 685 2393 θυμιᾶσαι
730 2325 990 2379 εἰσελθὼν
1035 2327 1109 2384 εἰς
1145 2326 1234 2378 τὸν
1267 2325 1394 2379 ναὸν
1428 2334 1520 2378 τοῦ
1557 2328 1779 2392 κυρίου,
1826 2330 1891 2380 10
1925 2326 2019 2379 καὶ
2050 2333 2156 2379 πᾶν
2191 2327 2248 2378 τὸ
2280 2328 2489 2394 πλῆθος
2524 2327 2590 2395 ἦν
2624 2335 2715 2382 τοῦ
2751 2330 2881 2383 λαοῦ

424 2411 854 2478 προσευχόμενον
894 2411 1002 2472 ἔξω
1049 2418 1112 2477 τῇ
1160 2411 1277 2478 ὥρᾳ
1323 2417 1415 2462 τοῦ
1451 2410 1803 2476 θυμιάματος.
1857 2413 1916 2462 11
1958 2411 2128 2478 ὤφθη
2165 2409 2224 2463 δὲ
2258 2411 2404 2478 αὐτῷ
2439 2411 2653 2480 ἄγγελος
2686 2416 2882 2481 κυρίου

426 2494 592 2553 ἑστὼς
635 2494 699 2547 ἐκ
746 2495 939 2557 δεξιῶν
984 2503 1076 2547 τοῦ
1123 2496 1504 2563 θυσιαστηρίου
1547 2502 1638 2546 τοῦ
1674 2495 2024 2562 θυμιάματος.
2078 2499 2142 2549 12
2177 2495 2270 2548 καὶ
2304 2496 2575 2565 ἐταράχθη
2612 2499 2883 2567 Ζαχαρίας

427 2579 585 2642 ι’δών,
636 2579 728 2633 καὶ
780 2581 951 2648 φόβος
1001 2579 1249 2632 ἐπέπεσεν
1299 2579 1376 2631 ἐπ’
1433 2579 1609 2632 αὐτόν.
1663 2582 1729 2633 13
1777 2578 1920 2632 εἶπεν
1965 2579 2025 2633 δὲ
2069 2579 2204 2646 πρὸς
2250 2579 2411 2634 αὐτὸν
2453 2582 2484 2633 ὁ
2527 2582 2757 2650 ἅγγελος·
2802 2584 2881 2652 μὴ

428 2664 633 2731 φοβοῦ,
686 2665 956 2731 Ζαχαρία,
1007 2664 1138 2717 διότι
1190 2663 1520 2731 εἰσηκούσθη
1573 2663 1607 2731 ἦ
1661 2663 1837 2730 δέησίς
1888 2683 2015 2728 σου,
2067 2665 2160 2718 καὶ
2211 2664 2245 2732 ἦ
2296 2666 2425 2733 γυνή
2473 2685 2570 2718 σου
2611 2666 2885 2736 Ἑλισάβετ

427 2747 658 2816 γεννήσει
705 2749 821 2800 υἱόν
855 2768 966 2812 σοι,
1012 2748 1106 2802 καὶ
1139 2748 1376 2806 καλέσεις
1412 2747 1470 2800 τό
1504 2749 1673 2813 ὄνομα
1707 2746 1870 2800 αὐτοῦ
1902 2747 2170 2816 Ἰωάννην·
2222 2753 2288 2803 14
2321 2749 2413 2803 καὶ
2449 2750 2588 2803 ἔσται
2623 2752 2764 2819 χαρά
2799 2771 2883 2805 σοι

426 2833 519 2885 καὶ
558 2832 884 2899 ἀγαλλίασις,
932 2833 1024 2886 καὶ
1057 2832 1241 2885 πολλοὶ
1275 2832 1359 2884 ἐπὶ
1396 2840 1458 2900 τῇ
1493 2832 1687 2900 γενέσει
1722 2832 1886 2886 αὐτοῦ
1920 2833 2258 2900 χαρήσονται.
2311 2837 2377 2887 15
2410 2835 2550 2889 ἔσται
2585 2835 2684 2903 γὰρ
2717 2836 2884 2905 μέγας

424 2917 652 2970 ἐνώπιον
700 2919 923 2984 κυρίου,
975 2918 1067 2970 καὶ
1119 2916 1261 2970 οἶνον
1308 2916 1400 2968 καὶ
1445 2918 1632 2984 σίκερα
1680 2916 1745 2969 οὐ
1789 2916 1866 2985 μὴ
1912 2918 2037 2985 πίῃ,
2086 2918 2179 2971 καὶ
2223 2919 2518 2983 πνεύματος
2562 2920 2713 2988 ἁγίου
2746 2921 2882 2989 πλη-

558 3135 693 3168 κατα
728 3116 879 3168 λουκ.
915 3135 1037 3169 cum
1075 3119 1216 3172 xBF.
1270 3115 1570 3182 ευαγγελιον
1596 3136 1732 3169 κατα
1758 3117 1961 3169 λουκαν
1984 3136 2108 3171 cum
2133 3120 2382 3170 ACDLX.
2435 3137 2493 3169 το
2519 3138 2655 3172 κατα
2678 3118 2885 3173 λουκαν

558 3210 706 3258 αγιον
739 3191 1038 3257 ευαγγελιον
1074 3194 1204 3258 legit
1238 3199 1415 3243 textus
1451 3200 1708 3258 receptus,

557 3285 824 3334 γενομενοι
861 3270 1121 3319 omittunt
1155 3266 1264 3330 ΧΓ,
1298 3267 1413 3329 126,
1449 3268 1562 3318 435.

557 3342 784 3394 AEKSA
825 3345 1012 3408 legunt
1044 3343 1242 3403 εδοξεν.
1298 3346 1420 3394 Post
1453 3361 1617 3407 καμοι
1657 3348 1844 3410 legunt
1879 3345 1963 3395 it.3
1995 3347 2133 3396 bodl.
2169 3348 2340 3411 goth.:
2372 3354 2427 3396 et
2448 3349 2655 3410 spiritui
2680 3355 2882 3399 sanct0.

557 3421 627 3473 Β*
663 3422 792 3484 legit
825 3437 1064 3485 επιγνοις.

552 3492 813 3559 βασιλεως
857 3512 979 3545 cum
1028 3493 1267 3548 RBLRE.
1331 3511 1422 3543 του
1456 3492 1577 3558 βασ.
1615 3512 1739 3545 cum
1775 3497 1977 3546 ACDP.
2040 3513 2170 3561 γυνη
2206 3515 2352 3548 αυτω
2389 3514 2513 3548 cum
2549 3498 2884 3551 &BCfflXAEZ

557 3587 590 3633 η
625 3586 756 3634 γυνη
791 3586 954 3619 αυτου
989 3587 1111 3621 cum
1149 3570 1309 3619 APR.
1346 3595 1409 3604 —
1444 3571 1492 3619 D
1528 3571 1661 3634 legit
1694 3572 1893 3635 ubique
1926 3569 2228 3638 Ελεισαβετ.

555 3662 787 3695 εναντιον
822 3661 944 3696 cum
979 3645 1213 3699 ⁸BC*X.
1265 3662 1493 3694 ενωπιον
1526 3661 1649 3694 cum
1686 3644 1992 3697 ADLPRE.

554 3739 621 3786 ην
666 3726 792 3771 ante
835 3738 867 3785 η
915 3718 1153 3785 ελισαβετ
1198 3736 1319 3770 cum
1371 3717 1704 3772 RBDLXAS.
1759 3721 1882 3771 Post
1935 3739 2057 3772 cum
2106 3722 2311 3773 ACPR.
2381 3740 2412 3787 η
2448 3719 2678 3788 ελισαβ..·
2718 3727 2885 3776 omit-

555 3800 624 3848 tit
657 3815 688 3860 η
727 3798 788 3847 Β.

456 3874 503 3924 8.
553 3890 720 3923 εναντι
757 3889 880 3922 eum
917 3869 1220 3923 BDLPRE.
1267 3887 1499 3920 εναντιον
1533 3886 1656 3920 cum
1692 3873 1830 3924 ⁸210.
1881 3889 2109 3922 ενωπιον
2143 3889 2265 3924 curn
2300 3874 2362 3924 K.

422 3950 502 4000 10.
556 3966 622 4014 ην
655 3965 747 3996 του
781 3944 912 3997 λαου
947 3962 1068 3998 cum
1106 3945 1347 4000 nBLPR.
1399 3962 1490 3994 του
1525 3942 1657 3995 λαου
1694 3963 1759 4010 ην
1793 3963 1915 3997 cum
1950 3949 2201 3998 ACDKL.

422 4026 501 4076 14.
554 4042 748 4091 γενεσει
783 4041 905 4075 cum
941 4024 1227 4076 ⁸ABCDL.
1277 4037 1509 4086 γεννησει
1546 4038 1667 4072 curn
1706 4022 1861 4073 GXF.

423 4103 503 4151 15.
555 4117 749 4165 κυριου
784 4115 906 4150 cum
944 4095 1174 4151 ⁸110th
1229 4114 1319 4146 του
1357 4113 1550 4160 κυριου
1587 4112 1711 4146 cum
1746 4098 1906 4148 BDX.

456 3647 503 3772 &w
458 3270 506 3546 μεψψ
